1973 3497
402 186 469 231 IN
505 185 589 232 TR
594 184 995 231 AGOPODAGR
1001 185 1112 231 A.M
1309 203 1365 251 73

166 285 200 310 ν.
214 284 278 322 47.
293 271 459 322 Δένὲρεοι
475 271 624 324 πνοαῖς)
641 271 678 311 Si
703 272 804 323 legas
820 271 958 324 Se‘vspz
972 286 1058 312 cum
1078 271 1225 322 Guyet.
1246 272 1374 324 legen-

113 323 202 366 dum
231 328 342 364 etiam
368 328 438 365 erit
465 340 637 373 πνοιοοις,
661 338 740 364 non
765 340 908 364 πνοαις.
936 320 1036 364 Non
1057 327 1108 364 ita
1135 326 1254 377 poscit
1278 329 1375 365 ratio

112 378 245 418 versus
267 380 539 418 Anacreontici
563 378 626 417 seu
645 379 794 417 dimetri
819 379 1037 418 cataleffici.
1061 379 1133 418 Sed
1150 379 1302 419 fortasse
1318 381 1374 417 ni-

113 430 164 471 hil
190 433 249 471 hic
267 434 514 477 mutandum,
534 444 575 471 ut
592 431 635 470 sit
651 432 866 483 tribrachys
888 433 1101 485 proiambo
1117 434 1222 485 pede.
1238 434 1371 472 Bow.

114 484 212 524 Sunt
239 487 297 526 hic
317 485 449 525 versus
471 487 754 525 Anacreontici.
778 487 885 538 Legit
911 486 1097 538 Guyetus
1121 486 1165 526 δέ
1151 486 1271 533 «νέμοι.
1301 486 1375 524 lta-

114 551 192 590 que
212 539 252 578 &
277 554 421 579 motam
444 540 643 601 legendum
665 539 759 585 effe,
781 541 831 578 ait
852 540 1008 579 Boivin.
1042 543 1113 579 διά
1125 540 1270 592 fortzſjb
1292 540 1378 578 nihil

113 591 180 644 qffe
201 595 422 640 mutandum,
451 606 490 632 ut
507 596 544 645 s
529 607 556 631 ι
577 594 766 645 tribrachys
786 609 848 646 pro
870 594 992 632 izmho.
1019 594 1142 633 Immo
1170 595 1260 632 nihil
1288 607 1373 632 mu-

113 645 294 694 tandum,
314 659 402 693 nec,
430 658 471 686 ut
494 648 710 698 tribrachys
731 647 774 685 sit
799 649 1037 699 proiambo,
1060 661 1158 707 opus
1181 647 1244 686 est.
1269 648 1376 686 Ulti-

114 711 177 737 ma
201 700 239 737 in
263 677 375 751 ‹fe'vsp
380 715 423 738 ex
444 701 497 740 ob
524 700 713 752 sequentis
740 702 846 741 vocis
873 702 1011 753 primas
1043 701 1254 749 conlonas,
1278 715 1375 763 pro·-

112 752 290 801 ducitur3
317 753 359 793 &
383 753 516 793 πνοαῖς
542 767 609 806 per
641 755 847 805 συνίζησιν,
882 755 1012 812 quales
1038 752 1209 805 witigim:
1214 770 1244 795 ις
1272 759 1374 804 poe-

110 807 162 845 tis
184 805 270 845 sunt
295 805 639 859 frequentiffimae,
668 807 721 846 est
753 808 920 858 monosy
925 809 1079 846 llabum.
1117 808 1221 847 IENs.
1259 808 1372 859 Quid

109 858 302 899 ίὶετνοικῖς
328 860 524 913 legamus,
552 872 594 900 ut
619 860 778 912 ὃένὲρεοι
804 863 1030 900 trochaeum
1056 874 1123 913 per
1152 861 1195 912 sy
1201 863 1370 913 necpho-

111 912 217 952 nesin
241 914 472 961 constituat,
502 915 824 966 quemadmodum
847 913 952 965 οὔρεα
973 929 1009 953 ν.
1030 927 1099 964 34,
1119 876 1214 953 aityl.
1233 914 1320 953 (sax
1327 915 1376 954 el

111 967 152 1006 in
178 965 270 1007 Obs.
300 968 372 1006 iam
400 968 559 1007 laudatis
584 981 668 1020 pag.
696 982 798 1017 4223
822 968 869 1006 ad
895 981 992 1021 quae
1013 967 1141 1007 clariss.
1173 969 1294 1008 editor
1322 980 1378 1008 ta-

112 1032 202 1059 men
231 1020 332 1060 re&e
362 1022 653 1068 animadvertit,
686 1021 736 1060 ita
763 1022 930 1074 prolatas
963 1021 1125 1073 syllabas
1158 1035 1273 1061 unam
1304 1022 1378 1061 sal-

111 1084 191 1114 tem
226 1074 382 1127 longam
418 1075 595 1120 efficere,
632 1076 806 1127 adeoque
838 1075 900 1114 hic
935 1074 1145 1126 spondeum
1180 1088 1258 1115 non
1295 1088 1379 1115 tro-

114 1127 279 1167 chaeum
302 1128 399 1167 fore.
440 1129 524 1184 Ego
546 1129 637 1168 nihil
661 1139 796 1177 muto,
830 1128 896 1168 etsi
925 1128 1065 1181 δένέροι
1089 1129 1237 1169 molam
1261 1130 1380 1183 magis

112 1182 248 1234 placet.
279 1182 429 1222 ΚΕΗ-Ζ.

168 1252 202 1274 ν.
217 1249 280 1288 49.
301 1236 533 1288 Δυσγοιμος)
550 1234 715 1287 Respicit
737 1235 782 1275 ad
795 1234 961 1274 fabulam
985 1235 1179 1288 Prognes,
1203 1249 1304 1289 quae
1319 1236 1377 1275 in

113 1286 274 1328 feliciter
295 1301 412 1342 nupta
439 1289 512 1329 fuit
532 1290 661 1329 Tereo
685 1291 766 1342 regi
791 1290 1004 1335 Thraciae,
1029 1290 1069 1328 &
1090 1290 1219 1342 postea
1251 1292 1288 1329 in
1320 1291 1378 1329 hi-

114 1343 314 1382 rundinem
337 1354 481 1382 mutata
504 1342 662 1395 fingitur
684 1333 804 1382 Ovid.
828 1344 852 1383 6
877 1343 971 1382 Met
999 1342 1188 1382 SCHMID.

170 1412 205 1434 ν.
227 1408 284 1448 51.
309 1396 377 1435 Κοιι
397 1398 563 1448 νύκτερος
580 1419 623 1426 -
638 1396 761 1450 γόοις)
782 1396 925 1436 Iterum
946 1397 1095 1448 Guyet
1123 1410 1194 1458 pro
1215 1397 1379 1448 νύκτερος

113 1449 205 1502 legit
222 1451 414 1501 νυκτέροις,
431 1450 503 1489 ὃ(
483 1450 600 1503 ‘yeme'
622 1463 695 1502 pro
709 1450 1029 1503 76015.Neutrius
1046 1452 1268 1491 mutationis
1290 1465 1380 1491 cau-

116 1503 193 1542 sam
214 1502 412 1554 perspicio.
443 1504 526 1544 Nec
553 1503 704 1550 sensus,
731 1517 800 1542 nec
818 1515 980 1543 metrum
1006 1504 1228 1544 alterutram
1255 1506 1380 1556 requi-

115 1557 177 1596 rit.
216 1556 369 1609 Quidni
392 1558 531 1597 A'e'don
560 1557 683 1610 potest
707 1558 776 1597 dici
799 1558 981 1609 νύκτερος,
1009 1559 1100 1610 quia
1134 1558 1246 1598 no&e
1273 1559 1379 1610 quast

117 1610 206 1657 flet,
234 1621 276 1650 ut
301 1626 467 1662 νυκτερος
488 1609 602 1660 μήνη,
630 1611 732 1650 Luna
754 1613 955 1663 ηοὲἶὶναςλ,
985 1612 1085 1663 apud
1112 1612 1379 1663 Aeschylum?

117 1663 182 1707 De
209 1664 406 1704 nocturnis
421 1665 616 1710 Aedonis,
632 1664 713 1703 sive
724 1664 976 1713 Philomelae,
992 1665 1183 1732 questibus
1200 1666 1275 1704 vid.
1288 1667 1338 1704 Vi
1331 1679 1380 1704 ir-

114 1719 177 1770 gil.
201 1717 259 1757 IV
286 1717 469 1770 Georgic
489 1731 559 1770 515
576 1717 676 1770 seqq
696 1717 845 1757 Deinde
867 1734 934 1757 του
968 1721 1072 1771 γόοις
1101 1721 1271 1758 mutandi
1296 1721 1380 1758 nul-

115 1772 154 1812 la
173 1770 296 1812 causa.
319 1771 636 1812 Commodiffimo
655 1773 823 1822 epitheto
846 1771 993 1820 δάκρυα
1008 1774 1226 1825 dicuntur-y
1233 1774 1288 1811 6.oe
1310 1774 1381 1813 Ce-

117 1836 241 1865 terum
266 1824 460 1872 observo,
493 1826 555 1864 hic
578 1826 787 1865 Lucianum
818 1826 1027 1877 producere
1052 1827 1243 1865 mediam
1237 1840 1273 1865 in
1302 1827 1382 1866 sa-

119 1879 250 1931 κρύοις,
281 1889 323 1918 ut
349 1878 473 1920 facere
497 1880 607 1918 etiam
632 1880 668 1918 in
692 1878 804 1931 seenp‘
790 1894 837 1917 υω
860 1879 1064 1918 Moschum
1097 1881 1182 1919 alibi
1211 1880 1382 1929 ostendi3
1404 1920 1407 1925 A

116 1934 178 1974 eui
205 1944 306 1972 nunc
324 1933 421 1972 addo
445 1933 632 1980 Bionem,
657 1933 766 1975 cuius
786 1934 821 1972 in
846 1933 915 1984 Idy
922 1933 944 1972 l.
962 1934 979 1973 1
1005 1934 1067 1972 hic
1085 1933 1215 1974 versus
1243 1935 1294 1973 est
1310 1950 1381 1987 34:

117 1988 189 2025 Κοιι
207 2000 341 2039 παγειι
364 1989 426 2027 τον
445 1987 595 2026 Ἀἓώνιν
622 1986 658 2025 ἐν
686 1987 787 2037 ἓορεσι
806 1986 922 2038 ἔειφ’
907 2002 1019 2026 υοντι.
1046 1987 1192 2028 Dorice
1218 2002 1288 2039 pro
1305 1989 1381 2028 <5oe-

121 2040 278 2092 κρίνουσι.
297 2040 412 2080 Addo
432 2042 472 2081 &
491 2039 682 2092 Aristoph.
699 2041 737 2079 in
756 2039 871 2092 Vesp.
891 2055 928 2079 v.
949 2055 1046 2094 973:
1072 2041 1158 2080 Αὶτε
1163 2056 1230 2080 ιτε·
1249 2045 1379 2091 κᾷντι-

119 2093 279 2139 βαθεῖτε·
297 2108 359 2132 και
383 2094 578 2146 ἓαίρὺετε.
605 2093 705 2132 Infra
730 2107 888 2147 quoque
909 2095 945 2132 in
972 2094 1097 2134 Nostri
1121 2083 1317 2146 Ocypode
1339 2110 1378 2135 ν.

123 2159 220 2197 132:
242 2148 406 2193 Στένων,
436 2146 658 2198 δακρύεις·
650 2146 683 2186 ἐν
699 2147 743 2187 ‹92‘
764 2163 820 2187 ο-οι
841 2149 986 2199 φράσαι
1011 2149 1056 2187 34
1040 2160 1118 2186 m.
1143 2149 1284 2188 Iterum
1301 2149 1383 2188 No-

118 2200 221 2239 ster
213 2213 251 2240 in
276 2202 550 2253 epigrammate
574 2202 613 2240 in
635 2202 856 2241 Theronem
879 2202 1105 2254 prodigum:
1133 2199 1328 2251 Εὐκτήμων
1344 2202 1382 2242 <9³

119 2254 277 2305 ἐδάκρυε
296 2268 340 2292 το
365 2254 477 2294 sem
463 2270 558 2305 e‚pov
585 2270 651 2294 ουκ
676 2255 732 2294 ἔτι
758 2270 882 2294 κεινον.
919 2255 1023 2294 Patet
1044 2268 1163 2307 ergo,
1191 2269 1269 2294 non
1295 2257 1378 2296 uni-

119 2321 208 2353 cum
233 2307 306 2347 effe
323 2307 432 2347 istum
458 2308 607 2365 Moschi
626 2308 780 2354 locum,
805 2310 869 2348 ubi
896 2309 930 2348 id
955 2307 1008 2347 fit.
1033 2309 1136 2348 IENs.

175 2378 209 2400 ν.
227 2373 284 2411 54.
282 2359 415 2414 Ὤμοι)
429 2360 532 2400 An'
506 2380 531 2401 ω
544 2377 625 2413 [mu
642 2364 691 2401 ait
703 2339 839 2403 Ga'vei.
855 2362 982 2401 Probo
995 2363 1252 2402 coniecturam
1266 2376 1274 2402 :
1289 2376 1376 2402 nam

119 2414 188 2455 etsi
207 2429 301 2464 οιμοι
327 2428 486 2467 quoque
510 2417 700 2455 coniicere
720 2415 853 2468 poffis,
878 2427 1002 2454 tamen
1027 2417 1187 2455 alterum
1204 2417 1378 2468 praestat,

120 2469 215 2525 quia
234 2469 451 2513 invocantis
471 2470 533 2522 hic
549 2469 600 2512 est
612 2500 624 2517 ,
642 2482 721 2511 non
748 2471 929 2511 eiurantis
945 2472 1050 2511 adeo.
1066 2469 1192 2524 Quod
1207 2483 1302 2515 vero
1323 2471 1384 2510 επὶ,
