1973 3497
950 163 1417 209 INDEX

609 254 684 294 eius
711 253 836 300 liberi,
856 251 1027 292 Himerus
1048 253 1087 292 &
1110 251 1224 299 Eros,
1252 251 1278 290 s.
1305 251 1508 290 amabilitas
1529 251 1567 290 &
1592 254 1729 304 cupido
1746 258 1814 305 712

609 309 668 346 ubi
687 308 824 345 colatur
842 307 919 354 ΙΙΙ),
935 320 998 357 75.
1027 309 1106 345 eius
1129 305 1243 344 cestus
1262 304 1322 350 II,
1343 306 1406 344 66.
1435 319 1542 356 quem
1560 305 1757 346 Mercurius
1777 307 1812 345 ei

609 360 794 412 surripuit3
816 361 890 399 vid.
914 362 1063 399 Mercur.
1084 361 1212 398 Venus
1231 358 1369 409 Byblia
1393 358 1472 405 IX,
1492 358 1554 397 88.
1581 373 1626 397 ex
1649 361 1812 412 corporis

609 414 755 464 quaestu
775 416 805 452 ei
827 413 868 452 fit
888 412 1096 451 sacrificium
1111 411 1172 464 89.
1201 413 1329 450 Venus
1343 425 1448 449 aurea
1468 411 1554 460 278.

557 467 683 508 Verba
702 468 790 505 alata
807 466 908 511 VIII,
931 479 1014 512 ¹07-
1046 479 1171 504 eorum
1187 465 1296 502 flores
1314 466 1453 502 vitandi
1468 465 1512 510 V,
1529 478 1615 505 201.
1635 466 1672 503 it.
1690 478 1813 504 tumor

612 521 810 558 verborum
829 521 909 558 ibid.
937 518 1115 557 affectatio
1135 519 1400 568 antiquatorum
1416 518 1612 556 verborum
1636 531 1719 570 199.
1749 532 1816 557 ve-

609 578 726 611 terum
746 573 824 610 libri
846 572 931 623 quid
954 573 1110 610 utilitatis
1132 569 1282 608 afferant
1311 570 1420 618 VIII,
1448 585 1493 622 17
1522 570 1573 623 sq.
1600 572 1716 611 verbo
1737 584 1815 610 uno

611 628 736 664 omnia
763 636 880 663 creata
904 624 980 669 IX,
1002 638 1089 676 250.

557 679 731 719 Veritatis
747 679 850 729 pauci
868 690 988 716 amant
1007 677 1164 716 studium
1185 676 1261 723 ΙΙΙ,
1287 690 1344 728 ς9.
1358 691 1380 715 a
1401 676 1538 716 Croeso
1552 678 1684 717 veritas
1702 687 1815 717 temta.

610 733 661 780 46
684 732 732 784 sq.
760 732 938 784 quaedam
965 732 1039 769 eius
1063 730 1219 783 epitheta
1246 742 1330 783 133.
1358 729 1473 769 sociae
1502 745 1587 784 134·
1617 731 1664 770 ad
1693 726 1816 772 adulat:

610 787 746 823 tionem
769 784 962 823 immobilis
986 785 1069 834 136.

558 837 683 877 Vesta.
709 852 772 889 per
788 837 940 877 Vestam¹
956 867 967 883 ‚
982 837 1121 875 iurandi
1142 835 1298 874 formula
1320 835 1378 875 IX
1392 865 1402 881 ‚
1427 849 1491 885 70.

564 891 703 937 Vestis3
725 891 802 930 vid.
819 892 968 930 amians.
996 890 1094 928 veste
1115 890 1261 942 quidam
1281 889 1508 940 superbiens,
1527 889 1611 929 scite
1635 891 1817 930 admone·

611 957 669 984 tur
685 946 730 992 V,
746 945 833 991 248.
861 943 980 983 vestes
998 943 1153 983 divitum
1173 943 1298 982 molles
1320 943 1403 987 IX,
1429 955 1489 992 31,
1507 943 1545 981 &
1560 943 1697 994 paffim.
1723 944 1818 984 Pau-

613 1012 738 1051 perum
750 1028 760 1043 ,
781 998 900 1036 cribro
921 1011 962 1035 ac
985 999 1047 1035 reri
1066 996 1195 1035 ssmiles
1212 1010 1272 1049 29.
1300 996 1502 1050 splendidae
1517 998 1563 1034 nil
1579 997 1724 1049 prosunt
1738 997 1816 1047 IX‚‘

616 1065 703 1098 204.
731 1052 838 1103 longa
855 1050 1092 1102 Tragicorum
1116 1049 1165 1088 est
1186 1063 1273 1089 210.
1811 1058 1814 1061 '

561 1105 634 1143 Via
655 1104 825 1143 tutiffima
840 1134 850 1149 ‚
876 1118 967 1155 quae
988 1103 1161 1141 tritiffima
1181 1102 1257 1147 IX,
1277 1115 1361 1155 152.

561 1157 729 1197 Viffim‘rs
747 1157 819 1196 fine
838 1157 940 1195 fumo
957 1170 1032 1193 non
1048 1157 1209 1194 deleelari
1224 1155 1327 1193 Deos
1343 1155 1389 1202 V,
1407 1155 1493 1195 260.

561 1210 721 1249 Vindex.
746 1210 961 1250 Occidentis
986 1209 1157 1262 populum
1183 1209 1342 1247 sollicitat
1363 1210 1397 1246 in
1421 1209 1610 1248 Neronem
1627 1208 1708 1256 IX,
1727 1208 1814 1262 298.

563 1263 712 1303 Vinum.
745 1266 780 1301 in
804 1262 977 1316 gustando
998 1276 1043 1301 eo
1062 1276 1135 1300 non
1156 1261 1206 1300 est
1226 1276 1319 1313 opus
1339 1263 1483 1301 ebibere
1503 1263 1639 1301 dolium
1661 1264 1732 1310 IV,
1748 1266 1814 1314 771

617 1319 692 1356 vini
715 1316 859 1356 effe6t11s
884 1318 917 1354 in
937 1316 1038 1355 India
1064 1316 1103 1361 I,
1130 1328 1186 1366 31.
1216 1317 1289 1353 eius
1310 1317 1499 1354 inventum
1528 1316 1677 1355 Baccho
1694 1317 1818 1356 tribui-

617 1382 675 1409 tur
701 1369 758 1418 II,
791 1383 835 1422 52
859 1369 907 1421 sq.
939 1370 1013 1406 laus
1035 1369 1219 1407 moderate
1241 1368 1343 1407 sumti
1360 1369 1439 1407 ibid.
1470 1370 1596 1408 vinum
1621 1371 1815 1409 odoratum

618 1423 692 1471 IX,
712 1423 772 1463 28.
801 1425 836 1461 in
855 1424 948 1461 vino
963 1422 1160 1472 Aeschylus
1177 1423 1375 1474 tragoedias
1395 1421 1525 1473 scripsit
1546 1436 1628 1470 144.

563 1476 692 1526 Vires,
710 1477 854 1528 quando
872 1478 1076 1514 minuantur
1093 1475 1159 1514 VII
1171 1505 1184 1523 ‚
1211 1489 1290 1527 197.
1312 1489 1384 1514 non
1404 1476 1557 1524 abeunt,
1572 1476 1631 1515 sed
1654 1475 1818 1516 crescunt

619 1531 799 1568 laboribus
819 1530 889 1582 196
907 1529 956 1580 sq.
988 1540 1244 1579 comparantur
1261 1529 1413 1581 Hydrae
1432 1542 1516 1580 197.

566 1584 699 1635 Virgo.
722 1584 767 1622 ad
791 1594 843 1623 XI
868 1583 1014 1621 millium
1043 1584 1221 1635 virginum
1249 1582 1408 1621 fabulam
1431 1582 1594 1621 alluditur
1615 1582 1699 1632 IX,
1728 1591 1818 1635 247.

620 1637 716 1675 conf.
736 1637 785 1676 ib.
809 1649 885 1675 not.

566 1691 706 1730 Virtus.
730 1690 774 1728 ad
801 1704 881 1728 earn
908 1688 1041 1729 Graeci
1067 1685 1226 1728 ¹excitant
1249 1688 1523 1729 adolescentiam
1545 1689 1715 1741 exemplis
1736 1690 1818 1728 ani-

622 1745 767 1782 malium
792 1743 884 1790 VII,
913 1757 996 1796 199.
1025 1757 1067 1781 ea
1090 1745 1130 1782 ὃ(
1155 1743 1271 1781 forma
1295 1745 1554 1795 corporisnon
1582 1743 1720 1794 semper
1742 1757 1817 1782 nna

620 1798 781 1836 habitant
803 1797 867 1843 VI,
890 1812 946 1844 ¹4-
966 1796 1057 1848 (vid.
1075 1796 1246 1848 interius.)
1267 1797 1300 1833 in
1323 1797 1526 1835 mulieribus
1550 1797 1662 1834 virtus
1683 1797 1818 1849 impet·-

620 1849 712 1888 fesia
728 1850 773 1898 V,
790 1865 806 1901 3
821 1864 832 1887 t
845 1863 876 1899 5.
892 1851 927 1887 in
943 1851 1135 1901 peregrinis
1151 1863 1296 1901 quoque
1310 1849 1485 1888 laudanda
1500 1851 1561 1890 61.
1576 1850 1658 1888 viae
1672 1850 1718 1888 ad
1734 1863 1816 1889 eam

620 1903 786 1941 diversae
800 1903 865 1950 IV,
884 1918 944 1956 32.
972 1904 1076 1940 unica
1092 1903 1136 1940 ad
1159 1917 1238 1941 eam
1254 1916 1340 1941 vera
1364 1915 1422 1954 35.
1454 1904 1492 1941 in
1520 1917 1590 1955 qua
1608 1904 1818 1954 reperienda

622 1956 719 1994 haud
738 1969 853 2006 parva
875 1969 966 2008 opus
988 1957 1243 1994 deliberatione
1271 1956 1329 2007 36.
1360 1959 1497 2004 virtus,
1518 1958 1619 2008 quale
1644 1957 1818 2008 quiddam

623 2009 666 2047 fit
685 2008 743 2047 28.
772 2024 853 2049 eam
879 2010 984 2048 semel
1005 2010 1207 2061 amplexus,
1233 2009 1467 2060 cupiditatum
1486 2011 1525 2049 ὃ(
1541 2008 1733 2048 είῖεὲὶυυῐῃ
1756 2024 1818 2048 ex-

621 2077 703 2115 pers
730 2076 784 2102 11.
806 2077 824 2100 e
841 2063 960 2100 τηεάὶει
975 2062 1019 2100 ad
1035 2063 1135 2101 istam
1156 2064 1217 2100 via
1235 2062 1335 2101 multi
1356 2077 1452 2102 retro
1471 2064 1614 2101 trahunt
1631 2063 1762 2114 pedem
1779 2063 1816 2104 6.

624 2116 669 2154 ad
689 2115 797 2154 finem
817 2118 852 2154 in
870 2116 924 2153 illa
943 2115 1243 2168 perseverandum
1258 2117 1337 2154 ibid.
1358 2116 1479 2168 aspera
1492 2117 1652 2169 &longa
1664 2116 1709 2154 ad
1721 2117 1816 2154 illam

623 2172 684 2207 via
708 2182 723 2218 3
742 2169 792 2221 sq.
812 2171 951 2208 virtutis
969 2169 1122 2208 studium
1138 2171 1171 2207 in
1194 2183 1268 2220 quo
1289 2183 1360 2206 non
1383 2168 1546 2208 consistat
1563 2169 1603 2216 Ι,
1622 2183 1668 2220 50
1683 2170 1730 2221 sq.
1748 2172 1821 2207 vir-

620 2234 678 2259 tus
691 2222 919 2273 Cynicorum
938 2224 1072 2261 clamor
1086 2223 1129 2261 de
1146 2224 1258 2262 triviis
1273 2222 1362 2262 VIII
1377 2252 1387 2271 ‚
1404 2237 1490 2275 274.
1521 2225 1636 2263 virtus
1655 2223 1764 2262 etiam
1780 2224 1818 2261 in

619 2275 723 2313 hoste
742 2276 917 2314 laudanda
937 2276 1008 2322 IX,
1031 2278 1114 2316 160.

568 2327 700 2366 Virum
720 2330 857 2367 bonum
879 2329 1102 2368 constantem
1127 2329 1196 2367 effe
1217 2341 1359 2382 oportet
1381 2329 1465 2375 III,
1484 2329 1570 2377 284.

570 2382 678 2420 Vitae
697 2383 835 2420 mediae
853 2384 1018 2422 homines
1030 2413 1039 2429 ,
1055 2384 1113 2421 ubi
1133 2383 1211 2435 post
1226 2395 1382 2421 mortem
1396 2385 1527 2436 degant
1541 2382 1624 2431 VII,
1639 2395 1724 2422 210.
1740 2382 1816 2422 vira

622 2434 776 2475 humana
805 2436 954 2476 ridicula
973 2438 1009 2478 6.
1039 2437 1238 2489 specstaculo
1268 2437 1447 2477 saltatorie
1473 2436 1597 2476 similis
1619 2437 1683 2484 26.
1719 2437 1815 2478 nulla
