1973 3497
1022 179 1488 226 INDEX

616 263 770 304 Derisor
794 266 971 304 humanae
1003 267 1168 306 stultitiae
1194 266 1256 312 II,
1291 265 1362 305 128
1388 266 1437 318 sq.
1476 265 1650 306 derisores
1678 267 1879 320 probantur

674 320 797 371 vulgo.
819 320 895 358 vld.
918 320 1053 372 vulgus.

616 372 803 410 Dezonfiis
822 384 979 412 mentem
997 374 1054 413 IX
1067 404 1077 419 ,
1100 373 1190 426 263,
1211 372 1331 425 ibique
1354 382 1432 410 not.

616 423 821 464 Deucalion
847 426 884 473 I,
900 440 966 477 73.
1008 430 1081 464 eius
1101 438 1263 478 tempore
1282 427 1457 463 diluvium
1474 425 1531 473 V,
1550 438 1634 476 147.
1659 426 1717 466 IX
1730 456 1740 474 ‚
1754 439 1802 478 93
1827 427 1880 480 sqj

669 491 743 526 ter,
759 490 884 531 quater
903 479 1036 530 Scytha
1061 479 1158 518 fuiffe
1174 480 1300 517 dicitur
1319 480 1397 517 ibid.
1427 480 1461 516 in
1481 493 1602 517 arcam
1625 479 1798 532 ingreffus
1822 481 1879 519 di·
1940 478 1946 526 ³:

669 532 762 570 luvii
781 534 883 570 causa
899 548 963 585 94,
995 532 1074 584 post
1097 533 1207 572 diluv.
1222 531 1378 571 Deucal.
1406 546 1505 570 aram
1530 532 1699 571 construit
1723 546 1787 585 95.
1815 548 1878 572 ae-

669 586 755 623 dem
777 586 908 624 Iunoni
928 587 1047 624 condit
1064 587 1142 624 ibid.
1187 600 1232 623 an
1254 588 1290 623 in
1318 587 1392 624 eius
1417 587 1631 625 memoriam
1655 587 1762 639 phalli
1783 586 1879 625 altis-

670 638 750 677 simi
775 641 968 690 quotannis
989 640 1239 678 {ascendantur
1270 653 1284 677 1
1298 653 1310 676 ῐ
1324 652 1354 687 3.

617 691 723 731 Deus
753 692 912 744 hospitio
943 695 1130 744 excipienti
1155 692 1271 730 similis
1294 692 1373 738 IX,
1400 705 1486 732 202.
1527 691 1640 733 Conf.
1668 693 1746 732 Dii.
1777 692 1881 732 Deus
1946 710 1947 722 ³

670 747 815 795 ignotus
838 746 1114 786 Atheniensium
1141 759 1229 796 247,
1246 747 1286 784 &
1302 757 1374 783 not.
1405 747 1532 783 iterum
1553 749 1639 796 267.
1668 746 1774 785 Deus
1788 760 1882 784 unus
1946 761 1947 775 2

671 787 834 838 statuitur
859 800 946 848 248.
976 815 1018 839 ac
1042 801 1176 838 triunus
1200 801 1278 838 ibid.
1316 801 1438 837 omnia
1460 799 1585 844 videt,
1605 800 1712 836 etiam
1736 801 1880 851 cogita-

671 855 787 890 tiones
815 856 899 905 255.
932 865 967 890 ut
995 854 1181 892 hominem
1211 867 1255 891 ex
1288 854 1397 890 nihilo
1429 853 1527 898 eiuS,
1556 853 1655 904 quod
1678 864 1759 892 ante
1787 853 1881 900 fuit,
1945 869 1948 875 ¹

674 907 821 952 crearit,
839 907 979 946 coelum
1000 908 1208 957 explicarit,
1223 917 1412 957 ceteraque
1433 906 1556 943 crearit
1576 919 1663 958 255.

617 957 781 999 Dextrae
801 960 974 1012 praecisto
985 992 996 1009 ‚
1011 975 1151 1012 poenae
1164 960 1258 1012 apud
1275 959 1428 1010 Scythas
1441 971 1554 1011 genus
1570 958 1618 997 VI
1631 989 1642 1005 ,
1659 958 1723 1004 67.

616 1012 796 1066 Dssalogus
826 1025 915 1067 quot
937 1015 1160 1052 deformetur
1189 1013 1307 1051 modis
1333 1012 1426 1059 Vll,
1455 1025 1509 1064 93.
1532 1012 1606 1063 sqq.
1639 1026 1659 1050 a
1686 1011 1783 1064 Syro
1804 1012 1879 1051 eius

672 1067 882 1105 emendatur
904 1067 1022 1106 forma
1039 1070 1087 1119 96
1106 1068 1155 1120 sq.
1184 1067 1346 1119 dialogus
1360 1068 1399 1105 δι
1416 1066 1608 1104 comoedia
1625 1067 1822 1119 iunguntur
1838 1065 1880 1112 I,

704 1133 733 1171 3.
762 1122 949 1173 quomodo
970 1121 1133 1159 differant
1156 1121 1234 1159 ibid.
1253 1120 1301 1172 sq.

617 1172 762 1220 Djana,
782 1174 950 1212 obstetrix
971 1175 1028 1222 ll,
1056 1176 1117 1226 892
1153 1174 1286 1212 maetat
1310 1172 1470 1224 hospites
1491 1172 1554 1211 80.
1593 1172 1640 1210 ad
1669 1171 1880 1211 sacrificium

672 1242 746 1265 non
764 1229 952 1273 adhibita,
972 1229 1074 1266 varia
1095 1240 1191 1266 creat
1213 1229 1305 1265 mala
1326 1227 1402 1272 Ill,
1429 1228 1490 1276 67.
1520 1239 1600 1264 eam
1626 1224 1787 1278 Scythae
1812 1227 1881 1263 hu-

670 1295 779 1319 mana
811 1282 953 1332 placant
977 1296 1082 1320 carne
1106 1281 1170 1331 78.
1212 1295 1274 1319 cur
1296 1296 1316 1320 a
1334 1279 1517 1331 Cupidine
1545 1280 1623 1331 capi
1645 1291 1798 1331 nequeat
1817 1279 1880 1325 Π,

677 1347 720 1386 55
752 1335 802 1387 sq.
844 1336 986 1374 Dianae
1017 1336 1192 1387 templum
1217 1334 1371 1372 incendit
1397 1335 1497 1385 quis,
1529 1344 1566 1370 ut
1597 1332 1732 1370 famam
1758 1332 1882 1371 conse-

670 1401 837 1439 queretur
854 1389 941 1427 vm
955 1421 966 1435 ,
988 1388 1074 1427 288.
1104 1387 1226 1426 Diana
1250 1390 1338 1426 irata
1358 1386 1512 1436 Oeneo,
1527 1386 1628 1439 quod
1650 1385 1721 1426 sola
1738 1399 1811 1426 non
1825 1387 1884 1429 inq

671 1444 785 1480 vitata
810 1442 850 1480 sit
873 1444 919 1480 ad
942 1441 1154 1481 sacrificium
1176 1441 1258 1490 IX,
1284 1442 1346 1481 66.

616 1495 745 1534 Diasia
771 1496 810 1541 I,
834 1495 898 1544 78.

617 1549 778 1587 Dicendi
802 1549 961 1589 facultas.
981 1549 1058 1589 vid.
1076 1550 1257 1588 Rhetorica
1270 1580 1281 1597 ‚
1300 1548 1500 1601 eloquentia.

616 1603 817 1642 Dictaeum
841 1616 982 1642 antrum
1004 1604 1060 1652 II,
1086 1617 1170 1653 127.

616 1655 854 1704 Didactmm,
891 1659 937 1696 de
960 1671 1006 1696 eo
1022 1669 1299 1709 praeceptorum
1319 1669 1400 1694 curn
1426 1654 1600 1708 discipulis
1620 1652 1882 1708 expostulatio*

674 1725 735 1750 nes
757 1710 821 1760 IV,
847 1725 919 1761 107
935 1711 985 1764 sq.
1010 1713 1046 1749 it.
1073 1710 1163 1760 Vll,
1190 1724 1251 1759 24.

617 1763 724 1802 DAdO
747 1765 777 1800 V
791 1797 802 1813 9
836 1777 917 1817 151·

567 1838 571 1842 ·
617 1817 819 1867 Didymaei
840 1818 1060 1857 vaticinandi
1083 1830 1156 1857 arte
1178 1818 1335 1857 celebres
1355 1817 1412 1866 V,
1435 1831 1498 1871 92.
1526 1815 1777 1867 Didymaeum
1800 1830 1885 1855 ora-

673 1873 792 1910 culum
821 1887 866 1911 22
899 1904 906 1911 .

616 1923 707 1963 Diei
732 1887 926 1964 sacrificzint
943 1927 1145 1978 Aethiopes
1165 1925 1239 1972 VI,
1262 1939 1349 1979 275.

618 1978 753 2031 Digito
766 1994 929 2018 extremo
943 1982 1113 2032 attingere
1135 1980 1269 2030 aliquid
1291 1980 1335 2021 V,
1355 1991 1441 2031 233.
1469 1977 1657 2017 monstrari
1673 1976 1777 2024 VIII,
1793 1990 1881 2025 224.

618 2027 686 2071 Ὀὶί
708 2036 859 2086 patriam
875 2036 1006 2086 quique
1018 2035 1116 2072 suam
1138 2048 1259 2071 amant
1278 2032 1363 2072 Vll]
1377 2064 1388 2079 ‚
1420 2045 1502 2083 133.
1532 2032 1599 2070 Dii
1615 2031 1781 2083 perfecti,
1798 2030 1886 2068 clas·
1950 2033 1951 2051 ³

671 2086 731 2126 fici
750 2088 830 2135 IX,
853 2087 923 2138 178
940 2089 980 2126 δὲ
1005 2101 1089 2140 192.
1118 2086 1288 2125 Deorum
1312 2087 1503 2124 multitudo
1525 2100 1566 2123 ac
1584 2084 1742 2123 monstra
1769 2084 1886 2122 riden-

671 2153 728 2180 tur
747 2142 833 2190 181‚
847 2156 888 2180 ac
911 2141 1102 2193 deinceps3
1120 2143 1205 2179 item
1222 2155 1296 2187 242
1315 2142 1353 2179 &
1371 2139 1457 2187 248.
1484 2138 1653 2178 Deorum
1668 2138 1884 2176 rusticorum

671 2195 790 2234 forma
814 2196 897 2234 181.
927 2194 990 2233 Dii
1010 2195 1118 2246 spurii
1147 2195 1218 2242 184
1239 2198 1278 2233 ὃ(
1299 2194 1381 2246 189.
1426 2192 1599 2231 Deorum
1626 2191 1788 2230 recensus
1808 2193 1885 2243 agi.

671 2262 729 2287 tur
759 2264 829 2303 192
859 2251 899 2288 &
924 2249 996 2300 seq.
1024 2249 1163 2286 barbati
1188 2261 1274 2297 2¹5·
1305 2247 1474 2286 Deorum
1501 2245 1683 2284 molestiae
1704 2245 1794 2292 Vll,
1819 2258 1884 2293 47.

671 2303 860 2341 hominum
882 2306 918 2341 in
942 2317 1005 2341 eos
1020 2303 1218 2354 indignatio
1243 2314 1289 2353 52
1310 2300 1361 2352 sq.
1390 2302 1512 2338 variae
1527 2301 1573 2338 de
1590 2299 1673 2337 Diis
1693 2300 1884 2350 opiniones

676 2371 722 2396 10
737 2356 791 2409 sq.
832 2358 882 2395 eis
902 2371 964 2394 cur
984 2356 1221 2403 sacrificetur,
1239 2369 1321 2393 curn
1345 2356 1429 2392 boni
1452 2353 1538 2391 nihil
1561 2367 1625 2403 per
1651 2366 1715 2391 eos
1741 2354 1884 2389 contin-

671 2422 731 2462 gat
768 2411 977 2448 hominibus
1004 2409 1081 2456 VI,
1113 2422 1200 2460 205.
1240 2408 1409 2446 Deorum
1435 2408 1479 2445 de
1511 2408 1666 2458 primatu
1696 2406 1884 2443 contentio

673 2459 744 2516 {33
773 2464 823 2518 sq.
866 2465 993 2504 Deum
1020 2478 1064 2504 ex
1085 2463 1252 2503 machina
1275 2462 1459 2501 advocare
1480 2459 1577 2507 Vll,
1601 2459 1686 2500 280.
1725 2457 1790 2498 Dii
1813 2458 1884 2497 falli
