1973 3497
599 245 689 275 110
784 226 1651 276 ANNOTATIONES

593 313 723 355 λιανοῧ
745 315 826 366 lege
852 316 1064 361 Λουκιλίου,
1081 315 1109 354 fi
1138 317 1195 355 vis
1223 316 1375 355 versum
1397 318 1572 370 legitimis
1589 320 1744 372 pedibus
1762 332 1848 362 curi

593 382 689 409 rere.
720 368 791 408 Sed
819 368 1021 410 Λολλιανοῦ
1045 370 1118 408 iam
1149 371 1277 410 verius
1303 372 1443 410 editum
1471 374 1670 413 inveniens
1697 375 1733 416 id
1763 375 1846 416 ser-

594 437 661 463 vo.
686 422 834 462 Rmz.

648 493 681 515 v.
705 491 738 529 3.
761 476 866 515 Μένει
887 474 1062 529 σιγῶσαι)
1088 476 1414 529 Unumquemque
1436 478 1526 517 olim
1550 477 1740 530 sugillans.
1761 481 1847 521 Ma-

594 530 656 569 lim
677 541 823 576 tamen‚
846 527 979 578 θαῦμα.
1001 531 1091 579 μὲν,
1110 530 1139 568 εἰ
1161 531 1335 583 σιγῶσα,
1362 544 1439 570 non
1458 533 1576 580 μένει.
1598 533 1737 572 BROD.
1759 535 1844 586 Ego

592 584 674 633 μὲν,
697 583 727 622 εἰ
748 584 819 621 iam
845 583 942 622 bene
968 584 1107 622 editum
1132 585 1286 629 inveni,
1310 586 1412 636 quod
1435 584 1521 625 sane
1545 587 1644 627 reGIe
1662 600 1762 628 nunc
1777 590 1846 628 ha-

592 638 667 680 bet.
694 637 839 675 Rmz.

654 691 734 728 ibid.
762 690 829 728 Καὶ
856 689 898 727 σὲ
923 688 1147 740 sdico-new)
1171 689 1230 729 Sic
1255 690 1353 729 enim
1376 691 1512 731 docere
1536 691 1677 732 solebat
1703 693 1845 735 Lollia-

593 756 665 782 nus
680 773 691 788 ,
715 754 779 782 aut
804 754 960 787 tacens,
984 752 1049 780 aut
1072 742 1181 782 alicui
1207 745 1440 783 maledicens.
1467 745 1605 784 BRon.

647 796 813 836 XXVII.
830 811 864 834 v.
882 808 913 833 1.
936 799 1000 834 Τὸν
1017 793 1084 834 τοῦ
1107 795 1342 849 ὃειπνοιρίου)
1359 798 1628 838 Transmiffum
1641 828 1651 845 ,
1667 799 1755 839 Iicet
1771 800 1844 840 Lu-

592 850 690 889 ciani
720 862 861 889 nomen
888 848 1188 901 praescriptum,
1223 863 1358 890 revera
1386 862 1515 891 tamen
1543 852 1580 891 in
1609 853 1704 893 Cod.
1731 853 1841 905 saepe

591 904 745 943 laudato
767 903 977 941 Λουκιλλίου
1000 902 1073 942 effe
1097 903 1325 955 perhibetur.
1352 904 1479 944 Primo
1498 905 1610 945 versu
1631 907 1727 946 male
1742 907 1840 948 Cod.

593 960 747 1009 quidam
775 955 870 1005 ἡμᾶς
893 970 964 1007 pro
987 954 1095 1005 ὑμᾶς.
1117 956 1339 996 D'Ovam..
1365 958 1560 998 Interdicit
1582 961 1777 1006 convivis,
1796 974 1843 1001 ne

591 1025 667 1062 qua
698 1011 940 1063 grammatica
965 1011 1210 1050 altercatione
1236 1012 1453 1052 convivioli
1486 1012 1711 1053 suavitatem
1742 1027 1841 1055 con-

592 1065 773 1111 turbent,
799 1065 848 1102 ita
874 1065 1070 1116 inquiens:

698 1117 876 1157 Pratzdioli
894 1118 992 1169 nostri
1015 1118 1098 1168 leges
1119 1117 1326 1170 cognofiite‚
1351 1134 1429 1157 nam
1449 1135 1534 1168 vos,

751 1173 843 1209 Aule
856 1200 867 1216 ‚
886 1187 976 1210 nova
1003 1175 1051 1209 ad
1068 1187 1200 1210 coenam
1227 1172 1409 1210 conditione
1432 1189 1526 1213 voco.

701 1226 906 1265 Carminibus
929 1240 1020 1263 nemo
1041 1225 1134 1263 nohis
1163 1225 1241 1263 velit
1261 1226 1323 1277 effe
1343 1227 1491 1279 molestus
1504 1258 1516 1274 ‚

748 1281 822 1317 Nec
847 1279 952 1316 turbet
969 1280 1095 1331 nostras
1117 1294 1174 1316 ars
1193 1279 1327 1317 literam
1357 1282 1469 1330 dapes.
1495 1280 1655 1321 OBSOP.

589 1332 832 1383 Δειπναρίου)
852 1331 1023 1383 Frugalis
1045 1331 1083 1371 δι
1105 1333 1231 1371 tenuis
1255 1345 1424 1378 coenae,
1451 1334 1487 1372 id
1512 1334 1584 1379 est,
1607 1335 1839 1375 Grammati-

591 1399 740 1425 corum.
763 1386 902 1425 BROD.
918 1385 1181 1424 Vid.Anthol.
1197 1386 1255 1425 Fr.
1278 1399 1363 1439 pag.
1385 1388 1481 1433 262,
1507 1389 1627 1440 steph.
1645 1402 1727 1442 179.
1741 1390 1839 1429 Ver.

594 1439 651 1479 sio
674 1439 863 1480 Grotiana
882 1438 933 1478 ἧς
954 1439 1090 1479 habet:

695 1494 734 1531 Si
756 1494 836 1546 quid
851 1495 958 1545 nostra
977 1493 1089 1546 placet
1115 1493 1175 1530 tihi
1192 1493 1330 1532 coenula
1346 1522 1357 1540 ‚
1385 1493 1511 1546 vespere
1535 1495 1655 1544 nobis,

747 1549 817 1585 Sed
830 1548 973 1585 conviva
995 1547 1092 1585 novis
1114 1547 1264 1599 legibus,
1291 1547 1406 1595 Aule,
1431 1548 1516 1586 veni.

692 1603 777 1640 Non
794 1602 947 1639 volumus
973 1601 1088 1639 recitat
1103 1602 1160 1652 qui
1182 1601 1354 1639 carmina.-
1375 1602 1472 1640 nulla
1495 1603 1638 1641 movebit

748 1657 806 1694 De
830 1671 861 1693 re
887 1655 1117 1693 Grammarica
1143 1654 1253 1704 iurgia
1280 1669 1372 1692 nemo
1396 1655 1467 1693 tibi.

586 1707 657 1746 Sed
679 1708 766 1760 quia
789 1721 870 1747 mea
891 1720 1010 1760 aeque
1034 1721 1078 1746 ac
1093 1707 1329 1760 superiorum
1351 1708 1426 1748 iam
1441 1721 1521 1749 erat
1537 1707 1734 1758 confe&a,
1751 1722 1836 1750 eam

585 1761 748 1802 Graecis
767 1761 946 1801 subiicere
969 1774 1047 1801 non
1067 1761 1252 1801 dubitavi.
1279 1762 1423 1802 REITz.

640 1832 674 1855 v.
697 1830 729 1854 2,
753 1815 890 1855 Καινοῑς
917 1815 1119 1868 δόγμασι)
1146 1816 1233 1855 Hoc
1254 1816 1418 1866 explicat
1440 1812 1477 1855 οὗ
1505 1815 1727 1866 μελοποιοὺς
1751 1816 1834 1868 ἐρεῖ.

584 1868 627 1907 In
652 1869 753 1909 hunc
779 1869 922 1909 sensum
943 1869 1148 1916 Martialis,
1173 1869 1269 1908 libro
1295 1868 1374 1909 XI:
1400 1870 1487 1908 Plus
1510 1883 1568 1920 ego
1587 1870 1763 1922 polliceor,
1783 1871 1837 1909 nil

585 1924 726 1962 recitabo
746 1924 805 1961 tibi
815 1940 830 1970 ‚·
858 1925 895 1962 &
917 1923 970 1970 V,
986 1925 1059 1962 Nec
1074 1923 1217 1975 craff'um
1237 1924 1389 1962 dominus
1412 1925 1493 1976 leget
1508 1924 1670 1963 volumen.
1692 1924 1835 1964 BROD.

638 1977 819 2016 XXVIII.
849 1976 903 2015 Εἰς
925 1976 1063 2030 βρέφη)
1087 1976 1288 2029 Inscriptio
1313 1978 1349 2015 in
1375 1977 1473 2016 Cod.
1500 1978 1590 2016 Vat.
1618 1975 1831 2016 Λουκιανοῦ.

584 2029 635 2068 εἰς
657 2030 786 2070 wara
813 2031 1069 2081 Καλλίμαχον
1089 2031 1205 2070 πέντε
1232 2031 1385 2083 χρόνους
1408 2028 1588 2082 ζήσαντα.
1622 2032 1739 2080 Χρὸνοι
1761 2044 1833 2082 po·

583 2082 781 2124 steriorum
807 2095 1023 2137 temporum
1040 2083 1195 2124 Graecis
1214 2096 1335 2123 annos
1361 2083 1577 2138 fignificant.
1606 2083 1835 2125 n’otwm.

635 2153 672 2177 ν,
701 2151 729 2176 ι.
756 2137 910 2190 Haisa)
936 2138 1054 2177 Anth.
1075 2137 1163 2185 460.
1188 2138 1325 2177 Maior.
1355 2153 1440 2191 321.
1466 2138 1591 2190 Steph.
1617 2152 1702 2176 221.

634 2192 777 2231 XXIX.
796 2208 829 2230 v.
857 2205 886 2229 1.
906 2190 1009 2244 Ἠχὼ
1032 2191 1127 2245 &c.)
1151 2191 1194 2230 In
1222 2192 1378 2230 Anthol.
1402 2192 1444 2231 L.
1462 2192 1536 2238 IV,
1557 2206 1591 2243 p.
1607 2192 1696 2240 677,
1719 2191 1757 2229 in
1779 2191 1831 2230 al<

581 2256 682 2291 tera,
706 2260 740 2297 p.
763 2246 862 2292 460,
890 2247 1005 2297 Steph.
1028 2258 1114 2296 321,
1129 2246 1216 2283 Αἶά.
1237 2244 1329 2298 189,
1346 2246 1420 2285 hoc
1440 2246 1563 2298 Epigr.
1582 2257 1661 2284 non
1685 2245 1735 2283 ita
1750 2257 1834 2283 cer-t

579 2309 624 2337 to
640 2300 814 2338 tribuitur
829 2299 1024 2344 Luciano,
1049 2300 1141 2350 quin
1166 2298 1406 2338 inscribatur:
1430 2302 1705 2343 ΛΟὙΚΙΑΝΟΤ,
1728 2297 1830 2346 εἰδὲ,

581 2351 769 2392 ’Al’XlOT.
798 2353 879 2403 Ego
894 2352 960 2391 etsi
980 2353 1184 2392 diiudicare
1205 2366 1282 2392 non
1303 2353 1416 2392 valeo
1431 2381 1441 2400 ‚
1458 2354 1567 2392 cuius
1585 2351 1650 2398 stt,
1675 2352 1832 2391 omitte-

580 2419 620 2443 re
636 2418 759 2445 tamen
782 2407 911 2453 nolui,
931 2407 1108 2459 quamvis
1122 2419 1199 2445 non
1221 2407 1379 2446 multum
1396 2407 1562 2446 iaeturae
1583 2404 1729 2456 passura
1744 2404 1834 2444 fuis-

579 2458 632 2498 set
658 2473 716 2498 res
740 2460 929 2507 literaria,
952 2459 979 2499 st
1005 2460 1130 2499 lucem
1158 2473 1236 2500 non
1261 2460 1490 2512 adl'pexiffet.
1515 2460 1657 2498 Rmrz.
1694 2458 1831 2511 Quam

580 2513 726 2554 incerto
750 2513 976 2554 adscribatur
997 2514 1192 2564 Luciam,
1214 2515 1360 2567 vulgati
1385 2515 1471 2553 libri
1499 2513 1711 2554 ostendunt.
1744 2512 1830 2565 Ego
