1973 3497
571 291 660 336 124
779 274 1094 323 VARIAE
1143 277 1618 324 LECTIONES

672 362 772 403 Cod.
790 364 860 404 IV.
890 365 993 417 (No.
1021 366 1152 419 2956)
1179 368 1287 407 cuius
1311 368 1420 420 prior
1441 382 1548 421 pars,
1571 368 1752 421 quamvis
1774 379 1831 407 re-

725 419 906 457 centioris
943 420 1054 468 aevi,
1081 425 1224 473 quippe
1249 421 1318 461 sec.
1353 423 1430 461 XV
1466 434 1643 468 exarata,
1676 422 1831 474 insignis

726 483 856 510 tamen
872 474 924 512 est
941 473 1115 514 leffionis
1131 475 1304 514 bonitate
1317 506 1328 521 ,
1348 476 1576 530 videturque
1594 489 1642 516 ex
1663 476 1834 516 vetustis-

725 524 823 564 simo
854 527 1060 578 exemplari
1084 528 1266 568 derivata.
1292 529 1425 568 Insunt
1447 530 1480 569 ei
1501 542 1510 568 ε
1546 533 1833 583 Tragopodagra‚

729 581 898 630 Ocypm,
921 581 1071 633 Dialogi
1096 583 1287 627 meretricii,
1314 583 1460 634 Dialogi
1481 586 1659 630 Deorum,
1684 583 1832 634 Dialogi

730 633 852 671 marini
866 664 874 680 ,
900 634 939 673 &
969 635 1117 688 Dialogi
1138 648 1351 675 mortuorum.
1369 659 1414 666 —
1431 637 1562 676 Altera
1584 648 1689 690 parte
1708 637 1830 677 conti-

728 698 891 725 nentur:
919 689 1085 732 Amores⁵
1111 690 1238 728 Lucius
1262 689 1287 728 s.
1315 691 1465 740 Asinus,
1491 692 1549 729 De
1583 695 1726 731 mercede
1750 707 1830 730 con-

727 741 850 786 distis,
876 741 1019 779 Toxaris
1034 772 1044 787 ‚
1071 743 1248 792 Quomodo
1268 744 1402 794 historia
1425 745 1658 795 conscribenda
1667 747 1717 796 fit
1729 774 1739 791 ‚
1759 746 1831 797 Ty-

728 795 926 842 rannicida,
957 796 1174 841 Abdicatus,
1195 797 1265 835 Pro
1289 797 1493 850 imaginibus
1508 827 1519 846 ‚
1543 801 1697 837 Deorum
1721 799 1831 837 conci-

724 846 828 893 lium,
854 849 1085 901 Demosthenis
1105 851 1300 889 encomt'um.
1325 851 1394 889 Sec}
1419 851 1511 890 haec
1533 853 1662 891 omnia
1690 853 1831 891 admo-

725 900 815 940 dum
844 901 1021 941 mendose
1044 915 1198 943 exarata
1220 903 1307 943 sunt
1332 917 1449 944 manu
1475 905 1637 958 imperiti
1665 905 1834 956 librarii,

727 955 794 1005 qui
824 956 918 993 vixit
943 956 1012 996 sec.
1038 956 1144 996 XIV.

673 1007 773 1047 eod.
792 1010 841 1048 V.
861 1009 963 1062 (Νο.
988 1013 1117 1061 2957)
1136 1010 1205 1050 sec.
1222 1011 1344 1058 XVI,
1364 1011 1634 1064 elegantiffime
1653 1012 1833 1066 scriptus,

727 1064 860 1102 omnia
887 1062 965 1103 fere
987 1065 1100 1103 habet
1124 1065 1278 1104 Luciani
1303 1066 1503 1117 opuscula.
1527 1065 1665 1106 Parum
1686 1080 1734 1107 ex
1755 1067 1831 1107 hoc

729 1115 875 1156 Codice
895 1117 930 1156 se
956 1117 1175 1171 profecisse,
1201 1132 1327 1170 neque
1354 1120 1450 1159 adeo
1473 1134 1562 1160 eum
1586 1121 1775 1174 integrum
1795 1121 1833 1161 se

727 1170 951 1217 contulisse,
978 1171 1117 1211 fatetur
1142 1173 1310 1212 Belinus.

673 1222 773 1262 cod.
790 1224 859 1263 VI.
878 1223 982 1278 (ΝΩ.
1000 1226 1120 1279 3011)
1142 1224 1213 1266 sec.
1231 1227 1346 1273 XIII,
1362 1228 1490 1279 paucis
1510 1228 1681 1280 exceptis
1701 1229 1832 1268 omnia

726 1278 887 1318 Luciani
903 1292 1019 1327 opera
1042 1280 1253 1319 continens.
1275 1280 1488 1321 Permultae
1509 1282 1545 1321 in
1566 1295 1615 1321 eo
1635 1284 1833 1335 reperiun-

725 1341 790 1370 tur
816 1333 1029 1384 praeclarae
1060 1334 1262 1381 Ieffiones,
1293 1334 1434 1386 quibus
1462 1347 1680 1376 ceterorum
1710 1336 1833 1376 Codi-

728 1399 817 1425 cum
839 1388 1003 1426 varietas
1023 1387 1177 1427 subinde
1195 1388 1456 1428 confirmatur.

619 1438 730 1489 Quid
747 1470 757 1487 ‚
778 1452 1019 1491 quantumve
1040 1441 1132 1480 boni
1147 1472 1157 1487 ,
1181 1440 1348 1494 suscepta
1364 1443 1432 1482 hac
1448 1442 1677 1490 collatione,
1694 1443 1733 1483 in
1754 1443 1833 1484 Lu-

565 1492 719 1532 cianum
747 1495 953 1534 contulerit
984 1496 1045 1533 vir
1077 1495 1330 1542 doffiffimus,
1363 1510 1440 1535 non
1464 1497 1517 1535 est
1541 1500 1646 1549 quod
1674 1510 1831 1537 monea-

566 1560 663 1586 mus.
695 1548 783 1586 Non
811 1563 933 1600 pauca
961 1549 1069 1597 loca,
1094 1563 1195 1601 quae
1228 1564 1305 1589 non
1331 1550 1399 1589 nisi
1424 1551 1598 1590 mutilata
1626 1552 1750 1591 adhuc
1778 1551 1833 1592 le·

565 1602 776 1653 gebantur‚
805 1603 1016 1655 integriora
1046 1604 1082 1641 in
1105 1605 1160 1643 his
1182 1603 1302 1644 MStis
1329 1604 1542 1653 habentur;
1569 1606 1639 1644 alia
1658 1606 1723 1645 vel
1745 1619 1835 1646 cor-

563 1667 676 1706 rupta
691 1657 939 1696 emendantur
951 1687 960 1703 ‚
984 1657 1044 1696 vel
1062 1657 1292 1709 interpolata
1306 1672 1325 1696 a
1342 1658 1501 1698 librariis
1513 1688 1524 1706 ‚
1538 1660 1674 1699 nativo
1691 1659 1760 1699 suo
1778 1660 1828 1698 ni·

563 1711 639 1748 tori
660 1710 929 1758 restituuntur3
952 1712 1095 1750 multae
1113 1713 1263 1750 tandem
1288 1712 1468 1752 lefflones
1489 1713 1626 1752 inillis
1646 1713 1833 1752 exhiben-

565 1774 648 1808 tur,
670 1765 836 1815 vulgatis
856 1767 1020 1805 omnino
1040 1766 1339 1816 praestantiores.
1364 1768 1496 1819 Atque
1513 1768 1656 1806 utinam
1672 1766 1833 1807 licuisset

563 1818 678 1856 nobis
698 1818 876 1858 leffionis
893 1819 956 1858 ista
980 1821 1161 1859 varietate
1181 1822 1224 1859 ad
1244 1821 1501 1859 adornandam
1522 1820 1738 1860 universam
1764 1835 1834 1861 no-

563 1871 674 1910 stram
703 1873 862 1911 Luciani
885 1874 1090 1914 editionem
1113 1875 1192 1920 uti,
1216 1874 1405 1914 diversum
1429 1875 1475 1913 ab
1497 1888 1570 1922 eo,
1595 1876 1702 1927 quod
1726 1875 1834 1915 initio

563 1939 813 1977 ceperamus,
838 1927 927 1967 sane
956 1938 1040 1966 tum
1068 1928 1269 1967 consilium
1304 1929 1471 1968 inituris!
1491 1929 1563 1968 Sed
1597 1931 1668 1968 tria
1701 1929 1833 1982 priora

563 1981 740 2019 editionis
762 1982 911 2020 nostrae
940 1982 1138 2021 volumina
1161 1984 1265 2033 typis
1287 1983 1360 2021 iani
1381 1981 1563 2034 exscripta
1590 1994 1715 2030 erant,
1744 1996 1832 2023 cum

565 2033 604 2072 in
642 2048 776 2073 manus
810 2035 957 2075 nostras
990 2037 1140 2075 veniret
1178 2037 1298 2075 BeIini
1336 2038 1626 2087 interpretatio,
1661 2037 1834 2089 impreffa

564 2090 743 2139 quidem,
771 2100 811 2127 ut
836 2090 969 2129 titulus
1002 2090 1162 2135 indicat,
1196 2103 1256 2129 an.
1288 2090 1384 2139 1788
1418 2091 1457 2129 δι
1486 2090 1556 2142 89,
1584 2102 1621 2130 at
1649 2104 1709 2130 an.
1735 2104 1836 2144 ¹790

565 2142 719 2181 demum
733 2173 744 2190 ,
764 2154 807 2182 ut
825 2145 997 2189 videtur,
1016 2144 1155 2197 publici
1173 2144 1263 2183 iuris
1283 2144 1389 2184 faeta.
1409 2143 1562 2184 Interim
1583 2158 1700 2198 quam
1717 2158 1832 2196 opem

566 2196 749 2236 universo
785 2199 892 2249 operi
921 2198 1007 2236 inde
1033 2198 1203 2237 tribuere
1233 2198 1335 2237 haud
1369 2199 1596 2250 potuimu5‚
1619 2212 1702 2238 eam
1737 2200 1834 2238 illius

566 2263 669 2291 certe
694 2252 814 2303 parti,
838 2253 952 2304 eique
976 2264 1056 2290 non
1078 2253 1278 2301 minimae,
1305 2253 1450 2292 adferre
1474 2253 1648 2305 religioni
1679 2252 1761 2292 fuit.
1795 2253 1831 2292 A

569 2316 711 2357 quarto
737 2307 857 2357 igitur
877 2306 1052 2345 editionis
1077 2306 1227 2345 nostrae
1250 2307 1452 2345 voiumine
1471 2306 1617 2353 exorsi,
1637 2319 1833 2360 quaecun-

569 2373 646 2410 que
672 2360 768 2398 inter
799 2361 880 2398 illas
915 2360 1105 2399 Codicum
1136 2360 1317 2399 leciioiies
1353 2374 1441 2412 prae
1470 2361 1635 2413 vulgatis
1669 2360 1835 2400 maxime

569 2412 607 2452 se
631 2413 743 2451 nobis
765 2415 998 2464 probarent,
1019 2427 1081 2453 eas
1098 2415 1195 2453 inter
1215 2415 1438 2466 corrigenda
1461 2414 1661 2466 specimina
1682 2415 1720 2453 in
1739 2427 1835 2454 con-

570 2478 716 2506 textum
740 2470 978 2518 recepimus,
1004 2469 1147 2507 reddita
1174 2470 1218 2507 de
1244 2468 1396 2521 singuiis
1419 2470 1567 2508 ratione
1593 2469 1632 2507 in
1658 2468 1835 2507 Annota-

570 2521 757 2560 tionibus.
790 2521 928 2573 Neque
957 2536 1054 2561 vero
1082 2523 1308 2568 diffitemur,
1335 2523 1512 2575 pluribus
1539 2523 1656 2568 locis,
1686 2534 1836 2562 eorun-

571 2577 657 2615 dem
680 2575 907 2616 minoritate
927 2576 1114 2617 librorum
1128 2607 1139 2626 ‚
1162 2577 1389 2618 medicinam
1413 2589 1434 2617 a
1455 2577 1566 2617 nobis
1583 2576 1752 2617 adhiberi
1771 2589 1838 2630 po-
