1973 3497
933 179 1399 227 INDEX

586 269 677 323 fugit
692 282 713 310 e
729 282 849 322 pugna
864 270 949 316 VII,
970 285 1054 323 135.
1087 273 1316 324 voluptatem
1340 271 1435 311 bello
1453 272 1619 324 praetulit
1644 272 1721 314 ibid.
1748 288 1797 315 ex

587 324 723 362 oraculi
742 325 878 363 iudicio
900 327 979 378 quis
999 327 1044 374 V,
1060 339 1153 376 313·
1174 325 1404 365 Alcibiadem
1419 336 1516 363 amat
1535 326 1614 365 ibid.
1634 326 1794 365 diffiniu-

587 378 680 415 lator
697 389 784 428 234.
804 377 989 418 saltatione
1004 380 1133 431 gaudet
1154 379 1237 430 138.
1259 378 1432 417 musicam
1447 389 1545 417 amat
1565 379 1644 418 ibid.
1668 380 1795 418 reliffls

587 431 722 468 artibus
741 431 957 469 mechanicis
970 461 980 479 ,
1002 433 1046 470 ad
1069 432 1306 471 eruditionem
1327 432 1361 471 se
1380 432 1544 470 transfert
1565 432 1609 478 l,
1628 445 1686 482 ¹3·
1717 435 1794 471 eius

588 498 675 522 cum
689 483 969 536 Chaerephonte
990 485 1210 537 colloquium
1231 485 1302 524 128
1322 508 1366 515 —
1390 487 1475 536 136.
1504 485 1549 523 de
1564 499 1608 524 eo
1624 485 1688 533 IV,
1705 485 1794 538 283.

589 536 730 628 Socgtti
762 539 840 589 quis
863 539 963 577 Iocus
986 538 1031 577 ad
1052 539 1192 577 dicendi
1215 537 1369 578 studium
1393 540 1563 592 placuerit
1587 538 1699 586 VIII,
1726 553 1790 591 94.

589 591 661 627 iniu
698 604 715 628 e
735 591 869 629 delatus
945 621 955 631 .

535 642 596 682 Sol
618 645 785 682 adoratur
805 644 850 682 ab
869 604 964 683 Iridis
982 645 1144 685 saltando
1166 645 1213 692 V,
1235 657 1321 697 133.
1351 645 1508 685 Orionis
1532 645 1695 684 caecitati
1717 658 1795 683 me·-

588 698 690 735 detur
704 697 808 745 VIII,
833 710 846 735 1
860 711 872 735 1
886 711 914 738 1.
944 700 1135 751 unicuique
1155 700 1289 750 patrius
1308 699 1454 738 videtur
1474 712 1558 749 134.
1574 698 1665 737 Solis
1676 698 1796 736 boves

590 750 686 788 affati
705 750 865 789 exsiliunt
890 750 947 791 IX
961 783 972 800 ‚
995 753 1055 792 28.
1077 754 1149 790 eius
1169 766 1210 790 ac
1236 753 1338 791 lunae
1358 753 1466 803 imag.
1487 765 1548 790 cur
1567 766 1642 790 non
1657 751 1795 790 faciant

588 802 673 855 Syri
700 818 782 854 119.
818 805 965 843 thronus
991 804 1085 844 Solis
1106 806 1186 845 ibid.
1228 805 1318 845 Solis
1347 805 1528 858 splendori
1559 817 1794 857 comparatur

592 859 712 896 oratio
732 857 991 897 Demosthenis
1021 859 1101 907 146.

536 910 711 949 Solarium
737 926 779 950 ex
801 912 969 951 societate
993 914 1076 950 mali
1096 911 1155 960 II,
1176 911 1261 965 189.

535 964 776 1003 Soloecismus
790 966 825 1002 in
840 967 1025 1018 voluptate
1037 997 1046 1011 ,
1062 966 1251 1004 comoedia
1263 995 1274 1013 ,
1290 965 1476 1005 saltatione
1487 994 1497 1013 ,
1512 965 1590 1005 vid.
1604 967 1665 1006 lzoc
1683 967 1796 1006 titulo-⁴

593 1017 810 1057 Soloecistae
840 1018 974 1071 colloq.
995 1019 1077 1066 IX,
1101 1020 1175 1059 216
1200 1019 1275 1072 sqq.
1306 1021 1469 1072 variique
1492 1018 1690 1059 soloecismi
1711 1020 1794 1060 ibid.

594 1072 689 1110 unde
709 1086 842 1110 nomen
860 1074 939 1111 ibid.
959 1074 1036 1111 vid.
1056 1084 1131 1111 not.

536 1123 650 1164 Solon
670 1125 721 1172 ΙΙ,
736 1139 822 1173 204.
849 1128 923 1164 eius
941 1141 1023 1165 cum
1040 1126 1179 1166 Croeso
1193 1126 1237 1164 de
1253 1125 1419 1165 felicitate
1440 1126 1686 1166 confabulatio
1711 1127 1793 1176 III,

592 1193 654 1226 44.
684 1179 883 1231 legislator,
907 1181 983 1217 eius
1001 1180 1210 1219 encomium
1229 1179 1312 1225 VII,
1334 1180 1420 1232 165.
1441 1193 1534 1233 quae
1554 1180 1797 1231 antiquiffima

591 1234 667 1270 eius
687 1246 770 1271 cura
793 1231 897 1270 fuerit
922 1247 1005 1282 172.
1034 1233 1168 1272 Solone
1187 1233 1289 1280 viso,
1311 1235 1437 1271 omnia
1461 1232 1589 1272 vidisse
1610 1233 1686 1281 IV,
1711 1246 1799 1286 153.

591 1287 665 1323 auri
683 1299 889 1324 contemtor
905 1287 1049 1326 videtur
1063 1287 1131 1333 III,
1147 1299 1193 1338 45
1217 1286 1264 1338 sq.
1295 1298 1483 1339 utramque
1499 1298 1637 1338 partem
1657 1288 1692 1325 in
1705 1288 1798 1327 iudi-

592 1340 657 1377 ciis
669 1338 826 1377 fimiliter
847 1340 1063 1379 audiendam
1086 1341 1193 1379 docet
1214 1339 1317 1386 VIII,
1335 1339 1396 1392 38.
1421 1341 1495 1378 eius
1516 1352 1612 1378 aetas
1635 1354 1718 1391 125.

537 1391 688 1431 Somnia
713 1406 827 1432 vento
850 1407 1025 1445 concepta
1046 1394 1111 1441 IV,
1135 1407 1218 1442 143.
1249 1393 1426 1446 pictorum
1449 1405 1555 1445 atque
1581 1397 1796 1444 poetarum3

593 1447 668 1485 vid.
685 1447 754 1484 hoc
770 1448 822 1484 tit.
840 1446 1077 1486 Somniorum
1092 1447 1224 1485 insulae
1243 1460 1327 1499 29¹·
1340 1447 1423 1485 urbs
1438 1461 1510 1500 292
1523 1446 1574 1498 sq.
1585 1447 1726 1487 somnio
1744 1450 1796 1486 iu-

592 1500 696 1538 betur
715 1499 917 1540 Stratonice
938 1502 1117 1553 templum
1136 1500 1291 1540 condere
1309 1500 1382 1547 IX,
1405 1514 1487 1540 102.
1517 1500 1657 1539 somnia
1670 1516 1692 1540 a
1713 1515 1801 1541 con·

591 1556 700 1592 trario
724 1555 989 1606 interpretanda
1009 1569 1097 1607 259.

537 1606 694 1646 Somnus
713 1607 923 1646 sententiam
946 1609 1030 1648 dicit
1053 1609 1110 1649 IX
1124 1639 1134 1656 ‚
1156 1621 1238 1659 19¹·

538 1660 726 1712 Sophistae
746 1663 964 1700 celebratum
984 1677 1119 1701 nomen
1133 1661 1218 1707 VII,
1242 1675 1326 1701 220.
1358 1662 1433 1701 eius
1455 1677 1476 1700 a
1500 1661 1652 1714 sapiente
1677 1661 1799 1700 discri-

591 1730 677 1753 men
702 1729 786 1767 295·
829 1717 913 1755 mali
934 1715 1107 1768 sophistae
1132 1729 1205 1753 non
1230 1717 1391 1754 imitandi
1417 1715 1470 1762 V,
1493 1729 1579 1755 201.
1617 1715 1797 1768 sophistae

593 1769 711 1807 sermo
732 1770 926 1822 labyrinthi
943 1768 1062 1808 fimilis
1078 1769 1165 1809 VIII
1180 1799 1191 1816 ,
1208 1784 1224 1822 3
1239 1784 1295 1817 14.
1322 1767 1497 1821 sophistae
1512 1769 1657 1817 lascivi,
1674 1772 1797 1818 avari,

590 1823 793 1861 adulatores
806 1853 817 1869 ‚
832 1823 990 1862 iracundi
1013 1836 1085 1875 320
1101 1823 1154 1876 sq.
1184 1837 1284 1862 nova
1299 1824 1472 1862 convicia
1485 1823 1692 1876 excogitant
1712 1837 1800 1875 317.

589 1876 734 1914 clamosi
756 1877 837 1915 ibid.

536 1928 730 1980 Sophoclis
744 1929 891 1983 Tragici
914 1941 1010 1969 aetas
1033 1931 1072 1969 &
1096 1931 1222 1969 mortis
1239 1943 1351 1982 genus
1369 1930 1472 1976 VIII,
1493 1944 1576 1984 129.
1604 1944 1626 1969 a
1645 1930 1721 1969 filio
1736 1929 1800 1970 de-

591 1984 744 2022 mentiae
762 1983 943 2022 accusatus
958 2016 969 2033 ‚
991 1999 1012 2022 a
1031 1984 1212 2023 iudicibus
1232 1983 1427 2023 absolvitur
1446 1985 1530 2023 ibid.

535 2036 698 2088 Sopolis,
715 2038 877 2077 medicus
900 2039 945 2085 V,
968 2052 1053 2090 195.

534 2088 684 2129 Sostrati
703 2094 863 2143 porticus
882 2092 927 2139 V,
950 2092 1035 2131 268.
1065 2092 1160 2144 quali
1177 2091 1355 2131 Sostratus
1371 2092 1470 2130 viclu
1486 2091 1587 2138 usus,
1602 2090 1738 2143 quidve
1753 2091 1803 2130 fe·

590 2146 677 2183 cerit
695 2159 782 2198 231.
810 2144 955 2184 Sostrati
979 2147 1182 2185 mechanici
1202 2147 1276 2184 laus
1289 2146 1358 2185 VII
1372 2177 1384 2193 ‚
1409 2160 1494 2198 295.
1524 2144 1701 2184 Sostratus
1716 2144 1803 2184 Cni-

588 2200 669 2236 dius
685 2228 696 2246 ,
721 2199 838 2238 Pharo
855 2199 1053 2246 exstrt1&a‚
1079 2201 1139 2237 ubi
1161 2214 1297 2238 nomen
1318 2199 1529 2251 inscripserit
1546 2199 1607 2245 IV,
1627 2212 1712 2245 217.
1736 2197 1801 2236 So-

587 2251 734 2301 stratus,
758 2253 868 2301 latro,
886 2253 1069 2292 homicida
1098 2253 1157 2301 II,
1177 2268 1195 2292 2
1204 2267 1260 2307 35.
1295 2253 1422 2292 dicitur
1447 2268 1467 2292 a
1485 2252 1638 2294 Graecis
1663 2251 1803 2293 Hercu-

589 2307 640 2344 les
668 2306 710 2353 V,
730 2321 750 2345 2
786 2320 817 2345 1.

536 2357 708 2410 Sosylus,
731 2319 855 2411 egulfo
876 2359 946 2406 VI,
971 2360 1060 2413 336.

535 2411 718 2462 Spartinus
740 2412 871 2452 Medus
902 2413 985 2461 VII,
1014 2428 1075 2466 23.

534 2463 653 2519 §parti
673 2466 766 2506 unde
784 2468 853 2506 orti
875 2467 964 2516 VII,
994 2481 1080 2521 25¹·
