1973 3497
1014 252 1487 300 INDEX

671 343 784 384 mines
805 344 882 385 ibid.
909 344 1062 397 primurn
1081 342 1127 381 ad
1146 343 1320 381 barbaros
1334 340 1591 393 proficiscitur,
1610 340 1694 380 dein
1708 341 1752 380 ad
1770 341 1889 382 Graes

670 413 735 437 cos
757 412 840 451 311.
864 399 1125 437 mercenarium
1145 409 1257 448 genus
1274 396 1462 433 hominnm
1479 394 1524 432 ad
1542 408 1622 433 earn
1643 395 1778 434 transiit
1792 409 1885 449 315.

670 453 889 504 philosophis
905 451 1024 489 addita
1046 451 1195 488 nomina
1211 464 1232 487 a
1249 449 1345 487 vitiis
1367 461 1453 500 327.
1484 447 1684 499 philosophi
1705 448 1886 501 disputan-

671 516 726 543 tes
742 507 788 543 ad
812 504 961 543 vulnera
980 503 1185 556 procedunt
1206 502 1290 549 IX,
1305 515 1368 554 45.
1381 500 1615 540 immodestos
1629 502 1667 540 ὅ(
1682 502 1886 553 impudicos

670 559 704 597 se
723 570 850 611 gerunt
873 559 908 594 in
933 557 1117 596 conviviis
1138 557 1216 595 ibid.
1247 570 1310 607 per
1338 567 1454 593 toturn
1478 553 1696 606 Dialogum.
1724 555 1887 594 Primum

670 613 878 649 accubitum
900 610 1078 659 postulant
1104 623 1162 661 52.
1199 622 1330 648 manus
1350 608 1542 647 conserunt
1563 622 1614 656 72
1642 609 1680 646 &
1697 607 1761 647 81.
1788 610 1886 647 min-

671 666 806 717 guntin
821 665 1000 702 convivio
1022 677 1085 713 74.
1102 661 1357 700 candelabrum
1378 672 1546 700 evertunt
1566 662 1628 714 83.
1650 661 1884 713 philosophos

670 732 769 755 vana
791 716 1011 769 excogitasse
1033 717 1182 755 nomina
1206 716 1234 755 F
1239 716 1312 762 ati,
1335 714 1517 753 Fortunae
1531 745 1544 764 ,
1569 715 1722 754 Virtutis
1743 716 1783 754 &
1808 714 1887 755 Na-

670 781 770 809 turae
800 771 843 809 18
877 801 886 810 .

619 824 774 864 Phineus
796 784 926 862 cae9cus
954 823 1030 871 VI,
1056 836 1120 874 47.
1149 822 1239 861 cibis
1264 821 1311 860 ab
1325 821 1486 874 Harpyis
1509 822 1674 874 privatus
1694 821 1736 871 I,
1753 820 1817 862 88.
1838 821 1885 862 de

672 892 717 916 eo
737 877 849 924 VIII,
875 876 958 925 148.
1814 881 1818 884 ’

618 931 806 982 Phocion,
825 933 860 968 in
880 931 1018 969 summa
1038 939 1246 982 paupertate
1268 942 1434 967 mortuus
1449 927 1501 967 VI
1514 958 1525 975 ,
1552 942 1640 977 2¹7·

617 986 835 1032 Phoenices,
848 997 1067 1023 mercatores
1081 982 1149 1022 VII
1163 1013 1174 1030 ,
1193 995 1253 1035 25.
1280 981 1459 1020 stellarum
1478 981 1646 1021 scientiae
1667 982 1776 1021 dediti
1794 998 1829 1036 3.

618 1039 805 1085 Phoenix,
830 1049 1040 1090 praeceptor
1055 1036 1205 1074 Achillis
1225 1036 1282 1085 ΙΙ,
1310 1035 1396 1075 188.

619 1092 782 1131 Phoenix
803 1106 882 1130 avis
902 1090 935 1130 se
958 1090 1138 1128 comburit
1161 1089 1272 1137 VIII,
1290 1104 1377 1141 292.

618 1145 786 1198 Phryges
805 1146 925 1183 colunt
951 1144 1124 1189 Menam,
1142 1144 1165 1182 i.
1183 1157 1215 1181 e.
1238 1143 1358 1180 lunam
1380 1142 1451 1189 VI,
1473 1156 1561 1196 275.
1583 1157 1710 1182 eorum
1733 1143 1882 1183 saltandi
1923 1177 1925 1179 .

675 1211 786 1250 genus
803 1198 849 1245 V,
873 1212 956 1246 144.
987 1197 1171 1250 Phrygum
1192 1197 1280 1235 tibia
1299 1196 1337 1243 I,
1358 1210 1416 1249 59.

619 1251 856 1301 Phrynondas
876 1251 907 1289 V
922 1281 933 1299 ,
955 1250 1020 1291 66.

619 1305 788 1356 Phryxus
802 1334 813 1352 ,
836 1305 1069 1344 Athamantis
1091 1303 1186 1342 filius
1206 1303 1253 1352 V,
1271 1316 1358 1341 222.
1388 1317 1452 1342 cur
1465 1303 1574 1342 ariete
1595 1301 1722 1342 veflus
1744 1302 1883 1343 dicatur

673 1359 751 1397 ibid.
774 1359 820 1396 ab
841 1360 950 1405 ariete
969 1357 1019 1396 est
1042 1358 1168 1397 vestus
1186 1357 1223 1396 II
1237 1386 1248 1404 ,
1271 1370 1283 1394 1
1296 1370 1310 1394 1
1325 1370 1355 1396 1.

619 1411 777 1451 Pikiores
794 1426 898 1464 atque
918 1414 1046 1464 poetas
1061 1425 1134 1450 non
1150 1410 1280 1449 vocari
1296 1409 1342 1447 ad
1366 1409 1557 1448 dicendam
1578 1409 1720 1448 causam
1736 1410 1802 1459 VI,
1816 1423 1881 1458 44.
1958 1403 1967 1451 ῗὶ

676 1466 774 1517 pingi
804 1467 934 1503 volunt
957 1464 1086 1512 multi,
1109 1478 1219 1517 quam
1245 1463 1343 1511 sunt,
1369 1462 1603 1502 formosiores
1627 1464 1674 1502 ab
1696 1464 1736 1502 iis
1762 1477 1804 1516 31
1827 1463 1879 1516 sq.

673 1519 809 1557 somnia
828 1519 1007 1571 piftorum
1022 1518 1086 1566 IV,
1101 1533 1162 1571 97.

618 1571 703 1611 Pila.
728 1573 773 1611 de
790 1573 847 1610 illa
867 1573 962 1626 apud
976 1570 1288 1611 Lacedaemonios
1305 1570 1503 1610 decertatio
1516 1569 1611 1619 VII,
1629 1583 1717 1611 200.

617 1626 717 1665 PiIeo
737 1639 800 1664 cur
822 1640 897 1664 non
914 1626 1097 1678 indigeant
1118 1625 1253 1666 Graeci
1271 1624 1368 1671 VH,
1396 1625 1483 1677 169.

618 1680 792 1718 Pincerna
810 1690 955 1718 acutum
973 1679 1099 1718 videat
1121 1681 1159 1718 &
1180 1679 1301 1717 audiat
1320 1678 1403 1726 IX,
1429 1691 1491 1717 21.

619 1731 814 1781 Pindarus,
830 1736 940 1784 poeta
959 1732 1157 1772 Thebanus
1175 1732 1247 1781 VI,
1266 1746 1322 1771 10.
1350 1744 1484 1784 aquae,
1508 1731 1636 1772 deinde
1663 1732 1739 1771 auri
1756 1731 1882 1778 lauda÷

675 1797 730 1824 tor
748 1801 836 1839 300.
872 1787 1014 1826 Pindari
1029 1786 1154 1825 versus
1168 1787 1306 1824 recitati
1328 1785 1386 1825 IX
1399 1816 1411 1834 ‚
1430 1785 1516 1834 148.

619 1840 839 1891 pinguedine
862 1840 1018 1878 obdueta
1039 1854 1225 1892 apponere
1246 1838 1321 1878 offa
1340 1839 1374 1884 l,
1393 1852 1454 1889 25.

619 1893 783 1932 Piraeeus
802 1893 879 1941 IX,
898 1893 995 1939 268,
1015 1894 1054 1932 ἃ
1071 1895 1174 1945 saepe
1198 1892 1341 1945 singulis
1354 1891 1498 1931 Tomis.

619 1946 818 1994 Pirithous,
834 1961 877 1985 ex
900 1961 1011 1985 uxore
1027 1947 1161 1985 Ixionis
1177 1961 1197 1985 a
1217 1947 1311 1985 Iove
1334 1947 1473 2000 genitus
1489 1946 1546 1996 II,
1563 1960 1624 1987 20.
1653 1946 1804 1987 Pirithoi
1825 1957 1878 1987 at·
1950 1964 1952 1972 s

674 2013 745 2052 que
760 1999 893 2039 Thesei
917 2001 1073 2040 amicitia
1093 2002 1144 2047 V,
1168 2014 1252 2052 155.
1271 2000 1340 2047 VI,
1357 2000 1420 2050 67.

618 2052 816 2092 Piscatores
833 2053 1026 2107 quomodo
1045 2066 1118 2093 rete
1138 2065 1245 2106 queat
1263 2053 1428 2105 decipere
1447 2054 1512 2103 IV,
1529 2054 1592 2108 85.

620 2107 728 2145 Piscis
745 2122 798 2146 res
818 2107 926 2147 sacra.
952 2108 1104 2161 piscibus
1121 2122 1194 2146 non
1209 2107 1399 2146 vescuntur
1413 2106 1513 2159 Syri,
1530 2122 1598 2147 nec
1620 2106 1805 2162 Aegyptii
1820 2108 1878 2157 V,

675 2161 764 2199 218.
787 2162 862 2207 IX,
881 2162 942 2214 96.
973 2162 1085 2214 pisces
1105 2161 1191 2199 sacri
1220 2161 1360 2200 aluntur
1387 2162 1422 2198 in
1445 2163 1586 2214 templo
1609 2162 1680 2212 IX,
1699 2176 1782 2211 144.
1810 2175 1878 2202 no-

674 2215 776 2253 mina
790 2216 945 2263 habent,
960 2217 999 2254 8(
1016 2217 1142 2254 vocati
1159 2216 1335 2254 accedunt
1348 2215 1426 2255 ibid.

620 2267 788 2306 Pistillum
802 2300 810 2313 ,,
826 2283 869 2307 ex
885 2283 929 2308 eo
945 2268 1061 2308 facere
1082 2271 1265 2307 hominem
1290 2268 1382 2315 VII,
1407 2267 1482 2307 288
1504 2269 1556 2322 sq.

619 2321 775 2360 Pittacus
796 2322 853 2369 II,
879 2337 965 2370 204.
993 2324 1066 2361 eius
1087 2335 1183 2361 aetas
1208 2322 1321 2368 VIII,
1342 2336 1425 2375 125.

619 2374 749 2413 Pituita
770 2378 896 2428 plenae
916 2377 1007 2414 naris
1024 2377 1136 2415 horno
1152 2377 1183 2415 V
1196 2407 1206 2421 ,
1223 2376 1286 2427 83.

618 2427 770 2467 Pianetis
792 2432 942 2468 nomina
964 2431 1010 2467 ab
1029 2430 1275 2482 Aethiopibus
1297 2430 1430 2468 tributa
1454 2430 1508 2477 V,
1537 2443 1623 2480 217.
1653 2429 1877 2482 planetarum

1944 2487 1946 2504 Ι

674 2483 825 2522 choreae
846 2498 927 2533 127.
954 2484 1198 2536 oppositiones
1213 2484 1254 2522 ὃς
1270 2484 1506 2536 quadraturae
1523 2483 1583 2522 IX
1596 2513 1607 2530 ‚
1626 2485 1713 2522 262.

618 2532 777 2576 Platonis
792 2536 991 2591 eloquentia
1003 2567 1014 2588 ‚
1026 2537 1214 2592 prudentia
1228 2536 1283 2589 11,
1301 2538 1388 2578 206.
1401 2537 1479 2589 ΙΙΙ,
1501 2550 1584 2592 139.
1604 2536 1779 2579 Platonici
1790 2549 1879 2590 qua⁵
1942 2518 1945 2543 ’ἶ

1956 1665 1973 1744 i

1952 1746 1973 1823 {i
