1973 3497
258 256 327 301 IN
362 247 836 314 EBIGRAMMATA
857 249 1119 296 OMISSA.
1234 270 1251 300 1
1267 270 1323 316 17

56 354 103 386 ut-
128 344 257 385 rursus
276 356 481 397 appareat,
507 343 605 383 male
633 355 680 381 ne
704 340 884 388 fecerim,
915 341 1003 380 talia
1026 341 1231 391 omittens,
1256 343 1323 382 ubi

56 398 204 452 Obsop.
230 399 365 438 similia
391 399 502 437 dedit.
531 398 678 436 REITZ.

110 469 148 492 ν.
169 467 204 492 2.
227 450 370 504 Pmopot
385 457 533 489 Kotvrc
537 451 615 490 ἓόκ
609 451 663 502 ιν)
689 449 900 489 Rhetorem
922 448 1190 509 Cappadocem
1212 448 1323 501 sugil-

54 505 108 545 lat
133 506 338 553 Lucillius‚
371 505 586 544 Pausaniam
617 503 791 549 fortasse‚
821 504 932 541 cuius
956 504 1078 541 vitam
1109 502 1322 554 perstringit

55 559 328 604 Philostratus,
353 559 415 598 vel
440 558 618 598 Basiliam
645 558 684 597 δι
708 557 955 608 Gregorium.
971 556 1253 601 Sozomenus,
1275 557 1322 595 si-

57 613 214 665 mulque
239 612 397 653 Bafilius
424 613 462 651 &
488 611 703 664 Gregorius
730 610 984 663 Cappadoces
1014 610 1113 649 illius
1136 612 1322 662 temporis

54 668 229 706 rhetores
251 666 462 705 Christiani.
489 666 629 705 Biton.

110 719 163 759 X.
181 736 215 759 ν.
244 732 274 758 1.
297 720 469 772 Πολλὰς)
495 718 654 759 Luciani
680 717 777 766 effe,
803 730 825 756 e
848 716 948 756 (jod.
974 718 1066 757 Vat.
1092 716 1263 764 conflat,
1282 717 1321 756 in

0 789 2 793 ’
55 786 139 826 quo
161 774 258 813 bene
287 772 462 824 ’ψηφιζων
489 787 561 834 pro
584 773 727 823 ψηφίζε
732 787 756 810 ι.
791 771 865 810 Pro
892 770 931 809 αἱ
959 770 1068 809 versu
1103 784 1138 822 3,
1163 786 1202 809 cu
1230 770 1321 810 scri·

0 2608 5 2766 3

0 2769 6 2912 3

0 2919 11 3224 3

0 3239 11 3497 3

55 827 246 873 bendum,
276 842 385 879 quie,
420 828 474 866 uti
499 828 535 866 in
568 828 650 866 aliis
681 827 819 864 editur.
851 824 1078 863 DORVILL.
1108 824 1244 875 Itaque
1269 825 1319 865 sic

56 881 132 920 iam
154 881 212 922 edi
230 881 462 920 curavimus.
476 878 830 931 VincentiiObsop.
845 888 992 925 notam,
1007 891 1084 930 qua
1102 877 1319 916 versionem

55 934 220 974 solutam
243 935 419 984 exhibet,
448 934 579 974 rursus
602 933 764 981 omitt03
795 932 894 971 addit
927 942 1055 970 tamen
1082 931 1121 970 δι
1152 930 1253 971 hanc
1278 931 1319 970 li-

59 999 216 1042 gatam:
1358 988 1373 991 ‘

167 1043 293 1081 Vivens
312 1053 351 1080 ut
374 1042 478 1089 muli,
498 1043 578 1080 dum
601 1040 739 1093 sumtus
759 1055 872 1092 praec
865 1051 947 1078 zvet
969 1054 1102 1087 omnes,

215 1098 391 1148 Sll])pusdl
420 1110 611 1134 Innumeras
630 1095 866 1133 Artemldorus
891 1109 982 1146 opes·

162 1149 257 1189 Auri
269 1149 369 1202 saepe
383 1163 503 1200 gerunt
529 1150 678 1200 ingentia
694 1151 846 1200 pondera
871 1148 968 1199 dorso

216 1203 339 1243 Muli:
354 1203 556 1254 sdficcum
580 1218 646 1241 non
670 1203 768 1254 nifi
753 1216 884 1240 “ramea
910 1203 1023 1239 edunt.
1051 1199 1195 1239 REITz.

111 1256 179 1296 XI.
197 1273 231 1296 ν.
258 1271 289 1297 1.
314 1256 349 1294 Ei
376 1272 419 1296 το
440 1271 498 1308 τρε
492 1258 548 1307 ἐφ
553 1256 611 1309 ιν)
640 1257 795 1296 Luciani
819 1255 1164 1322 Epigrammatibus
1183 1253 1316 1293 adiun-

57 1310 158 1363 gitur
180 1310 219 1349 in
240 1311 374 1350 eodem
398 1310 524 1357 libro,
550 1312 615 1361 qui
636 1323 714 1349 non
746 1310 841 1348 male
870 1309 982 1347 habet
1006 1307 1093 1347 <sons
1097 1323 1138 1346 ις.
1169 1308 1239 1346 Sed
1265 1308 1316 1345 ri-

57 1364 184 1403 dicule
199 1377 272 1417 pro
294 1363 470 1404 εύστολος
487 1363 641 1403 exhibet
656 1363 826 1403 amm.
851 1362 1021 1401 Platonis
1043 1362 1142 1400 enim
1161 1363 1262 1400 nitor
1278 1361 1316 1399 in

56 1417 194 1458 vestitu
221 1417 341 1469 usque
361 1418 406 1456 ad
428 1417 756 1470 reprehensionem
772 1417 983 1457 celebratus
998 1415 1061 1455 est.
1086 1414 1313 1455 D'ORV1LL.

111 1470 148 1510 Εἰ
171 1486 214 1509 το
237 1486 298 1523 τρε
292 1472 374 1521 'oen
375 1472 400 1524 )
427 1472 586 1510 Morus.

163 1526 204 1563 Si
220 1524 383 1577 promiffiz
401 1526 494 1576 facit
504 1526 686 1578 fizpientem
713 1525 842 1570 barba,
865 1523 948 1574 quid
966 1525 1092 1576 obstat,

214 1579 393 1618 Barbatus
412 1581 498 1632 poff
496 1591 509 1616 t
531 1580 610 1631 quin
638 1593 740 1630 caper
762 1577 823 1630 effe
852 1578 971 1617 Plato
972 1579 988 1604 Ρ
1015 1576 1180 1616 OBSOP.

109 1647 145 1671 ν.
173 1646 208 1671 2.
238 1632 307 1671 Καὶ
332 1632 500 1686 τράγος)
533 1634 580 1672 Et
603 1633 729 1673 hircus
755 1632 934 1671 barbatus
961 1630 1069 1670 Plato
1096 1629 1170 1670 effe
1197 1638 1315 1683 pote-

55 1685 113 1726 rit.
138 1685 277 1725 BRoD.

108 1740 188 1778 ibid.
210 1738 409 1792 Εὔστολος)
434 1739 611 1779 Εὔστολος
633 1750 814 1779 ornatum
841 1737 1039 1791 fignificat.
1064 1737 1231 1778 OBsop.

109 1793 194 1833 XII.
220 1810 254 1834 v.
280 1807 312 1832 1.
335 1793 405 1831 Τοῦ
425 1793 712 1847 πωγωνοφὸρου)
739 1793 783 1832 In
808 1793 1006 1844 Cynicum
1030 1792 1275 1831 abstinentem
1293 1804 1316 1830 a

55 1846 196 1898 lupinis
210 1848 251 1887 δι
273 1848 475 1900 raphanis
468 1861 505 1886 in
527 1848 739 1892 convivio,
762 1848 870 1899 quod
887 1847 1019 1886 virtuti
1043 1845 1234 1892 obeffent
1254 1845 1315 1884 sed

57 1901 198 1940 bulbos
221 1901 426 1941 esitantem.
449 1901 612 1941 OBSOP.
642 1901 824 1940 Nostrum
848 1913 1008 1953 quoque
1030 1911 1223 1950 parentem
1249 1899 1315 1938 ha-

57 1955 123 1994 bet
143 1953 345 1995 secundum
373 1955 503 1994 testem
526 1955 634 2007 saepe
658 1955 900 2007 productum.
926 1954 971 1993 In
994 1953 1092 1993 Cod.
1119 1955 1195 1992 alio
1219 1951 1316 1992 &Sn-

57 2019 119 2047 λον
133 2019 310 2049 vocatur.
335 2009 402 2048 Vs.
426 2023 447 2047 2
468 2010 559 2048 Vat.
581 2009 696 2048 habet
718 2007 873 2059 εὶὲωμεν
898 2009 937 2046 &
962 2007 1109 2059 σοφίαν.
1131 2007 1202 2047 Sed
1224 2007 1314 2046 illud

56 2062 267 2111 vitiosum,
287 2063 375 2102 licet
400 2063 439 2102 &
464 2063 504 2101 in
526 2063 601 2102 alio
618 2062 785 2110 Codice3
809 2062 884 2101 hoc
909 2062 1007 2101 leve.
1038 2061 1266 2101 n'ORvm„

94 2117 191 2156 ibid.
211 2094 582 2169 Βοῖκτροπροσοιίτου)
603 2115 703 2156 Cum
728 2116 867 2156 baculo
892 2116 1151 2155 mendicantis.
1173 2116 1314 2154 BROD.

111 2185 148 2208 ν.
174 2185 207 2223 3.
233 2170 404 2223 Θέρμιον)
422 2171 460 2209 Α
482 2170 620 2222 lupinis
640 2169 858 2210 abstinebat.
882 2169 1045 2221 Γαστρι,
1070 2170 1219 2217 ventri,
1247 2182 1314 2224 gu-

55 2223 127 2263 lae.
151 2223 361 2269 Xeova'iseae,
388 2224 527 2264 album.
554 2225 694 2264 BROD.

111 2292 147 2316 ν.
167 2290 197 2330 5.
210 2277 361 2330 Βολβον)
373 2277 563 2325 Bulbum,
576 2279 770 2317 Venerem
786 2276 1052 2317 stimulantem.
1068 2276 1206 2315 BROD.
1222 2275 1316 2321 Hic,

58 2330 100 2370 &
115 2329 172 2370 vs.
185 2331 230 2380 8,
252 2332 407 2371 maioris
423 2332 604 2371 momenti
622 2331 789 2371 occurrit
804 2332 993 2370 varietas:
1016 2330 1079 2369 ubi
1093 2330 1194 2368 enim
1212 2342 1314 2369 nunc

57 2384 246 2437 legitur(
229 2384 394 2437 r(pocul
423 2385 540 2425 dubio
561 2384 836 2446 interpolatore
859 2383 1049 2435 Planude)
1077 2383 1227 2429 βολβον,
1256 2395 1314 2421 re-

56 2439 278 2490 ponendum
295 2439 349 2479 est
365 2437 515 2484 βὸλβοιν.
530 2440 626 2479 Vox
644 2453 692 2478 ex
707 2438 960 2478 Latinitatem
975 2437 1177 2477 Graeciam
1198 2448 1316 2475 trans·

57 2492 134 2531 lata
157 2492 231 2532 est:
260 2505 306 2544 ap
309 2493 359 2532 ud
386 2493 587 2533 Romanos
605 2493 706 2532 enim
722 2493 832 2544 suilla
856 2493 987 2537 vulva,
1019 2490 1155 2537 Volva,
1180 2489 1312 2535 βολβει

58 2543 108 2589 In
117 2546 245 2600 primis
261 2546 398 2588 deliciis
411 2545 540 2594 fuisse,
560 2546 650 2588 illud
662 2546 816 2588 Horatii
837 2546 977 2600 probat
999 2545 1129 2597 Ep.1‚
1154 2559 1225 2598 15,
1245 2556 1291 2592 41

1053 2612 1071 2652 3
