1973 3497
991 236 1451 282 INDEX

644 324 764 365 laudet
792 336 864 378 215
885 325 936 379 sq.
979 341 1096 380 neque
1120 326 1357 366 calumnietur
1385 325 1472 365 216.
1514 324 1560 364 de
1590 324 1738 373 fabulis,
1763 338 1855 376 quas

645 379 802 430 profert,
825 379 1012 431 suspendat
1032 380 1199 419 iudicium
1220 381 1298 418 ibid.
1339 393 1407 432 pro
1434 379 1535 416 omni
1563 390 1678 418 aetate
1699 378 1851 417 scribere

645 431 752 471 debet
775 434 851 472 ibid.
874 434 911 472 it.
933 433 1020 472 218.
1047 434 1119 472 hoc
1139 433 1296 479 faciens,
1313 435 1372 471 cui
1390 431 1508 470 similis
1526 445 1613 480 217.
1640 432 1851 480 loquentem

644 487 836 537 quomodo
854 486 1020 525 inducere
1042 487 1171 525 debeat
1196 499 1283 537 215.
1314 487 1456 524 cuinam
1479 485 1628 523 ssmilem
1649 485 1719 524 effe
1737 497 1851 536 opor-

644 550 718 578 teat
735 553 820 580 210.
846 539 1036 591 quomodo
1068 539 1299 579 formandum
1320 539 1547 589 prooemium
1570 546 1642 576 211⁴
1669 537 1719 590 sq.
1753 551 1853 589 quo·

643 592 759 630 modo
783 593 829 631 ad
844 595 1086 632 narrationem
1104 593 1189 631 inde
1214 592 1467 631 transeundum
1492 604 1580 642 213.
1607 591 1718 630 multa
1744 591 1852 629 debet
1914 596 1920 600 ⁷

644 646 811 685 omittere
824 677 834 691 ,
848 647 948 686 cuius
962 645 1066 684 instar
1080 659 1168 694 214.
1191 647 1251 684 vei
1272 646 1388 684 verbo
1406 646 1523 698 eioqui
1541 646 1620 683 ibid.
1650 644 1800 683 dilucide
1814 643 1852 683 se

646 699 798 750 expiicet
819 712 891 750 205
908 698 956 750 sq.
985 700 1193 750 ineptorum
1215 698 1464 737 historicorum
1487 696 1656 750 exempla
1685 697 1755 745 176
1775 696 1851 749 sqq.

645 753 804 790 minutiis
824 755 1083 797 immorantes,
1096 752 1141 790 ad
1161 766 1216 791 res
1235 765 1385 804 magnas
1406 753 1538 804 inepti,
1556 754 1614 790 cui
1628 751 1753 790 fimiles
1778 750 1850 789 182

647 806 690 845 &
711 818 796 858 190.
835 807 896 858 qui
917 807 1080 856 poeticas
1094 804 1293 843 immiscent
1321 805 1497 843 diftiones
1525 804 1609 853 184.
1638 806 1694 842 cni
1720 803 1851 842 similes

647 860 726 897 ibid.
758 858 839 910 post
861 860 1091 911 prooemium
1112 858 1307 911 speciosum
1322 857 1483 911 pufiiium
1500 858 1685 910 quoddam
1699 857 1853 896 traeian.

646 923 700 950 tes
717 912 790 959 184
806 911 856 964 sq.
883 915 916 950 in
938 913 1149 950 trafiatione
1171 911 1337 951 historica
1353 914 1474 950 omnia
1491 911 1555 950 fibi
1573 912 1702 950 debent
1716 910 1785 949 effe
1808 909 1854 949 fi-

645 966 745 1004 milia
765 966 849 1018 185.
880 965 1070 1004 historicus
1091 966 1240 1018 quidam
1261 967 1375 1003 maius
1395 965 1623 1018 geographus
1653 964 1736 1003 186.
1763 963 1852 1002 boni

647 1018 813 1071 requifita
837 1033 907 1072 197
923 1020 962 1058 ὃ(
979 1033 1065 1059 200.
1098 1021 1260 1058 veritatis
1273 1020 1380 1058 debet
1400 1018 1468 1057 effe
1494 1032 1618 1056 amans
1633 1048 1643 1063 ,
1659 1017 1854 1067 intrepidus

647 1085 739 1112 200.
767 1074 913 1125 quando
932 1073 961 1110 is
984 1073 1053 1112 esse
1071 1087 1143 1110 non
1167 1072 1273 1125 poffit
1299 1086 1386 1111 201.
1415 1073 1459 1111 ad
1485 1071 1668 1110 historiam
1691 1071 1852 1109 scriben-

645 1126 733 1164 dam
750 1141 824 1164 non
839 1128 959 1178 quivis
972 1124 1122 1165 idoneus
1141 1140 1223 1178 199.
1254 1126 1442 1177 prudentia
1457 1126 1589 1172 civilis,
1605 1127 1646 1164 &
1661 1123 1852 1176 eloquendi

646 1181 705 1218 vis
719 1180 888 1218 historico
900 1180 1087 1218 neceffaria
1105 1192 1186 1234 197.
1200 1179 1720 1233 historicorumlongaevorum
1733 1191 1854 1217 exem-

647 1233 708 1283 pia
731 1233 842 1283 VIII,
863 1233 935 1272 126
955 1233 1030 1286 sqq.

595 1285 798 1326 Histriones
812 1318 822 1336 ‚
844 1287 1025 1339 personis,
1052 1301 1141 1339 quas
1163 1285 1339 1334 referunt,
1362 1287 1596 1325 attribuentes
1618 1284 1776 1324 afflones
1800 1284 1855 1322 ina

650 1342 907 1379 convenientes
925 1340 999 1386 111,
1019 1355 1033 1379 1
1046 1354 1102 1393 19.
1123 1342 1160 1379 it.
1185 1353 1268 1393 151.
1294 1340 1372 1380 vid.
1393 1341 1592 1386 Comoedia,
1622 1340 1823 1393 Tragoedia.

596 1392 774 1432 Holmeus
797 1393 877 1433 fons
898 1394 1012 1440 VIII,
1032 1410 1067 1443 4.

597 1445 781 1486 Homerus
799 1448 960 1486 versibus
984 1449 1050 1486 suis
1070 1447 1317 1500 tempestatem
1338 1447 1472 1487 excitat
1492 1446 1547 1487 III
1560 1477 1570 1491 ,
1589 1458 1651 1494 4ο.
1680 1447 1721 1486 it.
1739 1444 1856 1484 reddit

649 1500 826 1540 Charonti
845 1501 962 1540 visum
977 1502 1056 1541 ibid.
1084 1503 1270 1549 laudator,
1288 1515 1361 1539 non
1382 1502 1546 1539 aduiator
1560 1499 1625 1548 VI,
1648 1512 1694 1551 50
1707 1498 1756 1552 sq.
1783 1500 1859 1538 eius

649 1555 774 1594 versus
798 1556 908 1593 muita
928 1556 1110 1595 continent
1131 1555 1175 1594 ad
1201 1555 1431 1607 astrologiam
1453 1554 1664 1607 pertinentia
1692 1553 1722 1591 V
1738 1584 1750 1600 ‚
1768 1565 1856 1601 225.

649 1622 760 1661 quam
778 1610 918 1661 egregie
938 1609 1055 1648 laudet
1072 1610 1134 1657 VI,
1156 1622 1196 1661 51
1219 1608 1268 1661 sq.
1296 1623 1315 1647 e
1332 1608 1531 1660 spezfiacuio
1545 1608 1633 1646 redit
1652 1605 1791 1645 doffior
1809 1606 1856 1654 V,

654 1675 741 1712 123.
764 1677 890 1701 omnes
914 1676 970 1701 res
989 1663 1024 1700 in
1041 1663 1129 1701 duas
1151 1662 1272 1701 claffes
1295 1661 1450 1701 divisisse
1471 1663 1614 1700 videtur
1644 1673 1726 1710 137.
1768 1660 1857 1711 quid

647 1716 744 1755 bello
766 1716 975 1769 opposuerit
994 1717 1072 1755 ibid.
1113 1730 1188 1754 non
1208 1715 1400 1754 necessaria
1415 1717 1450 1752 in
1470 1715 1620 1755 historiis
1641 1713 1762 1752 omifit
1789 1713 1855 1759 IV,

649 1783 742 1816 214.
770 1770 815 1809 de
840 1771 980 1809 Achille
1003 1771 1114 1809 muita
1139 1769 1298 1808 fabulose
1320 1769 1457 1821 scripsit
1480 1783 1565 1816 204.
1615 1767 1748 1819 patriae
1772 1766 1855 1806 suae

652 1824 826 1876 nusquam
846 1823 930 1862 facit
948 1825 1170 1862 mentionem
1193 1837 1277 1873 175.
1314 1824 1388 1862 eius
1413 1824 1525 1873 patria
1548 1835 1633 1873 279.
1660 1835 1706 1859 an
1729 1834 1857 1858 caecus

649 1876 754 1916 fuerit
775 1879 855 1917 ibid.
886 1883 1033 1927 (caecus
1053 1891 1175 1915 tamen
1194 1878 1321 1915 dicitur
1336 1875 1396 1915 IX
1410 1906 1420 1922 ‚
1434 1876 1490 1929 7.)
1506 1877 1577 1915 eius
1600 1874 1746 1926 quidam
1771 1888 1858 1912 ver-

652 1931 708 1968 sus
726 1932 863 1983 periere
880 1931 953 1978 lv,
985 1931 1074 1983 283.
1101 1929 1291 1971 Therfiten
1313 1931 1450 1968 taxavit
1479 1930 1639 1968 carmine
1664 1927 1753 1967 280.
1782 1929 1858 1965 eius

653 1985 832 2037 quaedam
853 1986 932 2023 loca
949 1984 1016 2031 ΠΙ,
1036 1984 1122 2033 284.
1145 1986 1184 2024 it.
1207 1984 1254 2032 V,
1276 1983 1363 2031 284.
1385 1996 1457 2033 293
1471 1982 1521 2036 sq.
1537 1985 1578 2023 it.
1596 1981 1660 2026 VI,
1678 1982 1738 2020 26.
1757 1982 1795 2020 it.
1810 1981 1857 2029 V,

654 2053 743 2091 253.
762 2039 848 2078 261.
874 2039 910 2077 it.
927 2039 981 2078 III
996 2068 1006 2084 ‚
1025 2051 1111 2090 234.
1135 2039 1171 2077 it.
1187 2038 1252 2084 IV,
1269 2051 1330 2088 45.
1351 2038 1388 2076 it.
1407 2036 1464 2083 H,
1486 2037 1568 2076 166.
1590 2034 1718 2086 it.I‚7
1735 2035 1775 2074 &
1796 2047 1854 2084 32.

654 2106 717 2139 42.
740 2092 798 2143 58.
821 2094 857 2131 it.
874 2092 942 2141 ΙΙΙ,
961 2106 974 2129 1
988 2106 1045 2142 17.
1066 2106 1147 2144 119.
1177 2092 1330 2130 Homer.
1344 2093 1383 2130 ὃ(
1399 2090 1548 2130 Hefiod.
1572 2089 1728 2127 ridentur
1741 2088 1790 2127 ob
1806 2088 1860 2126 fa-

653 2146 774 2183 bulam
797 2147 841 2185 de
863 2146 1018 2185 Saturno
1034 2145 1113 2193 IX,
1138 2145 1162 2184 6
1184 2145 1232 2198 sq.
1264 2145 1446 2183 Homerus
1468 2145 1634 2183 adoratur
1663 2155 1748 2195 133.
1776 2156 1861 2180 cum

654 2198 909 2238 Demosthene
926 2201 1159 2238 contenditur
1179 2211 1247 2249 135
1267 2199 1314 2249 sq.
1332 2198 1446 2236 modo
1465 2199 1495 2235 ei
1515 2197 1732 2250 praefertur,
1745 2195 1862 2234 modo

654 2252 879 2305 postponitur
891 2255 971 2292 ibid.
986 2267 1048 2305 per
1058 2266 1175 2292 totum
1186 2254 1288 2291 Dial.
1299 2252 1503 2291 Sexcenties
1515 2251 1643 2290 eadem
1655 2250 1762 2288 habet
1775 2262 1862 2299 137.

654 2307 816 2357 culpatur
827 2308 876 2347 ob
893 2308 973 2346 fiffia
988 2308 1224 2360 pugnantium
1240 2307 1416 2357 colloquia
1438 2305 1523 2355 138.
1553 2306 1626 2342 eius
1641 2305 1752 2355 patria
1767 2315 1861 2341 tem-

655 2360 790 2413 pusque
811 2375 894 2415 139.
927 2361 1068 2399 Heroas
1082 2376 1101 2399 a
1116 2361 1282 2412 pedibus,
1297 2360 1411 2410 capite
1427 2389 1436 2403 ,
1454 2360 1493 2398 ἂ
1509 2372 1616 2397 coma
1636 2357 1756 2396 laudat
1774 2369 1859 2407 150.

603 2413 784 2453 Homines
799 2429 948 2463 ‚eorum
972 2416 1005 2452 in
1032 2414 1135 2452 Deos
1159 2414 1356 2466 indignatio
1383 2413 1452 2451 Vll
1468 2442 1477 2458 ‚
1498 2426 1543 2463 52
1557 2411 1606 2461 sq.
1635 2411 1862 2448 nuilahomi-

654 2481 741 2504 num
757 2469 836 2506 vita
855 2468 1044 2520 tranquilia
1070 2467 1134 2513 Vl,
1160 2480 1244 2519 332.
1277 2466 1338 2504 ista
1359 2466 1506 2504 ridicula
1529 2464 1622 2511 VII,
1648 2463 1681 2503 6.
1712 2477 1865 2514 compa·

654 2532 751 2560 ratur
765 2522 903 2562 civitati
917 2522 1149 2562 formicarum
1166 2521 1225 2562 28.
1239 2522 1326 2560 item
1340 2518 1522 2559 saltatorio
1537 2517 1737 2572 spefiaculo
1752 2517 1864 2571 251'q.
