1973 3497
291 224 373 268 IN
422 222 1071 270 EPIGRAMMATA.
1237 209 1314 293 '99

58 311 229 353 Sumitur
247 313 346 353 enim
358 345 368 360 ‚
393 323 434 352 ut
450 325 583 352 notum
600 311 653 352 est
667 343 678 360 ‚
698 312 784 357 vel,
801 314 1120 365 quemadmodum
1139 316 1214 357 hoc
1229 331 1315 358 ver.

57 366 97 405 su
113 397 126 412 ,
157 380 228 418 pro
250 367 424 419 pedicula
452 366 591 414 ferrea,
614 379 712 418 quae
737 367 924 418 hodieque
945 367 1122 408 maleficis
1150 369 1316 411 homini·

57 420 130 459 bus
151 424 301 460 occulte
322 421 422 460 tendi
441 419 557 466 solet,
578 420 617 459 &
642 419 728 458 feris
750 419 883 459 bestiis.
907 421 1010 460 Suid.
1034 422 1071 460 in
1097 437 1134 462 v,
1154 425 1227 463 Vel
1242 440 1315 477 pro

57 475 199 513 morbo
218 475 429 519 articulari,
452 474 508 511 uti
527 472 638 512 versu
662 475 709 512 ab
727 473 801 512 hoc
824 472 988 514 secundo
1003 505 1013 521 ‚
1034 476 1160 516 Δεινὴν
1183 477 1228 516 st
1246 480 1314 518 καὶ

58 528 242 578 κρυφαίαν
272 527 427 579 (alludit
452 527 587 565 iterum
617 527 693 566 hoc
720 528 915 566 vocabulo
944 529 988 566 ad
1017 530 1181 579 priorem
1206 534 1316 572 vocis

59 583 227 633 podagra
252 579 592 633 significationem)
617 580 667 619 εἰς
683 580 839 619 πάντας
857 581 994 629 κακὴν,
1011 585 1114 632 quod
1135 586 1314 625 nimirum

59 647 138 672 non
163 636 234 672 iam
260 633 450 673 maleficos
475 645 620 674 tantum
636 664 647 682 ,
675 634 734 673 sed
761 646 896 674 omnes
923 634 1000 674 fine
1030 636 1110 676 uno
1134 637 1315 678 discrimi-

59 699 109 726 ne
133 689 301 741 corripit.
330 687 499 727 GAVEL.

111 756 146 779 ν,
175 740 337 791 167.'‘H-5
351 738 430 792 οὐκ)
454 739 595 779 Versus
617 739 816 792 Euripidis.
840 741 890 780 V.
910 740 1032 781 Orest.
1058 756 1094 794 p.
1115 756 1130 782 1
1152 744 1191 784 δε
1210 744 1313 799 seqq.

58 792 215 833 SOLAN.
247 794 301 833 Ex
317 795 448 846 Eurip.
461 794 533 834 Or.
557 795 636 833 init.
657 795 697 834 δι
713 795 799 833 lov.
814 794 930 846 Trag.
946 795 1015 834 sub
1036 797 1120 836 init.
1143 798 1312 840 GAVEL.

115 862 149 885 ν.
181 848 265 887 168.
292 848 356 894 A),
374 850 413 887 αὶ
437 847 535 899 &c.)
563 847 766 886 Veriffime
791 849 968 887 emendat
991 848 1124 895 frater,
1149 851 1313 892 scriben-

59 900 149 939 dum
169 900 229 946 ai,
249 900 312 947 ai,
339 900 377 939 αὶ
393 930 403 947 ,
422 901 485 949 cci,
511 914 576 952 per
599 901 778 940 diaeresin
792 931 806 948 ‚
830 903 871 940 δι
891 901 942 940 sle
959 902 1031 941 erit
1056 903 1244 952 senarius,
1268 918 1314 946 ut

61 956 190 994 ceteri.
209 955 353 994 Rerrz,
373 954 428 993 Ita
453 955 569 1007 igitur
590 956 648 993 edi
673 957 907 994 curavimus.

115 1024 150 1047 ν.
171 1010 253 1061 169.
277 1008 386 1047 Πόθεν
405 1022 470 1057 μοι
492 1006 644 1060 τρυπᾷ)
660 1007 788 1060 Τρυπᾷἷ
806 1007 912 1047 πόθεν
931 1022 995 1057 μοι
1010 1009 1216 1049 necessario
1232 1024 1314 1050 cor-

59 1061 146 1112 rigit
170 1061 199 1100 1.
224 1061 363 1101 Gavel.
385 1062 456 1100 Sed
481 1061 630 1100 mailem
654 1063 867 1101 mutatione
892 1063 1039 1100 minore
1062 1064 1100 1101 ἃ
1125 1064 1312 1105 Ριωᾶὶυτῑι

58 1114 252 1160 faciliore,
278 1114 385 1154 πόθεν
407 1113 532 1165 τρυπξὶ
548 1130 610 1164 μοι
632 1115 705 1153 ἃς.
729 1115 826 1154 Nam
856 1116 977 1167 prima
1000 1116 1036 1153 in
1057 1116 1185 1167 τρυπςῖ
1204 1131 1313 1157 com-

58 1169 182 1207 munis
207 1169 384 1214 videtur3
411 1169 539 1206 brevis
563 1167 806 1220 Aristophani
831 1169 866 1206 in
888 1169 1080 1220 τρύπημα..
1110 1171 1174 1222 Εἰρ.
1196 1184 1307 1225 1233.

56 1222 173 1274 longa
195 1223 370 1261 Homero
393 1220 432 1259 in
450 1221 578 1270 τρυπῶ
600 1222 640 1260 &
666 1223 704 1260 in
724 1222 923 1274 τρυπάνω,
942 1221 1077 1274 Odyff.
1103 1223 1138 1272 1,
1170 1225 1244 1277 384
1263 1247 1307 1255 —-

61 1288 93 1328 5.
118 1276 262 1314 Rtrrz.

111 1344 148 1369 ν.
173 1343 257 1379 171.
283 1328 472 1380 Βακχίους
493 1326 558 1366 ὑπ’
578 1326 733 1380 ὠλένας)
755 1328 964 1381 Βακχείους
986 1329 1047 1367 ἐστ’
1072 1328 1211 1369 ὠλένας
1226 1332 1310 1370 vult

58 1382 158 1423 defit.
180 1383 209 1422 Ι.
229 1382 367 1426 GaveL
389 1381 460 1420 Sed
481 1383 694 1434 Βακχίους,
715 1396 750 1419 ιη
778 1396 858 1434 quo
881 1384 961 1421 edd.
986 1382 1134 1422 nostrae
1154 1384 1313 1424 consen-

57 1437 182 1484 tiunt,
208 1436 372 1475 defendit
393 1434 578 1474 d’Orville
605 1447 652 1474 ex
680 1436 805 1486 Eurip.
831 1435 930 1486 Cycl
966 1450 1040 1488 445
1057 1465 1068 1481 ‚
1094 1437 1183 1476 item
1213 1452 1311 1491 155,

59 1489 161 1537 428,
185 1503 280 1542 517,
308 1501 402 1541 519,
429 1487 585 1540 aliisque
611 1490 722 1527 etiam
751 1489 899 1527 Latinis.
939 1488 1002 1527 De
1032 1488 1096 1528 ὑπ’
1118 1502 1246 1529 autem
1274 1494 1312 1530 in

60 1543 122 1582 ἐπ’
149 1543 332 1582 mutando
350 1555 424 1593 ego
445 1555 523 1580 non
550 1544 850 1580 contradicerem
875 1541 1077 1589 Gavenio‚
1100 1545 1200 1582 reete
1221 1546 1310 1584 ibid.

58 1597 215 1644 dicenti,
235 1595 535 1648 praepositiones
548 1592 620 1634 ὑπὸ
633 1627 645 1642 ,
665 1596 743 1633 ἀπὸ
756 1624 766 1640 ,
787 1596 849 1634 ἐπὶ
874 1597 1028 1646 perinde
1050 1610 1093 1635 ac
1112 1600 1218 1647 παρὰ
1237 1599 1314 1638 sae·

60 1649 203 1703 piffime
229 1650 445 1701 permutari.
478 1649 606 1700 Quod
631 1660 758 1687 autem
781 1650 908 1693 addit,
934 1649 1042 1700 supra
1067 1651 1103 1688 in
1131 1650 1250 1690 Asino
1279 1665 1314 1691 c.

60 1718 112 1752 47
128 1705 224 1743 idern
237 1702 376 1741 facium
390 1702 486 1748 effe,
503 1715 545 1742 ac
570 1716 640 1753 pro
663 1704 822 1754 vulgato
846 1703 955 1755 nojc‘ycb
978 1703 1119 1753 σφόὣρα
1140 1701 1312 1755 ἦχθόμην

61 1756 204 1797 {wirot}
224 1756 427 1803 &corb-rou,
451 1758 619 1795 κλέπτης
642 1754 726 1805 ἕιμοι
749 1757 810 1793 καὶ
831 1758 960 1808 λίχνος
985 1755 1169 1802 ἑαλωκὼς,
1189 1760 1315 1810 legen-

59 1812 151 1850 dum
184 1823 228 1850 ac
254 1809 556 1862 distinguendum
576 1840 587 1855 ‚
619 1809 729 1861 κᾷγὼ
758 1809 901 1861 σφὸὃριι
929 1807 1114 1861 ἠχθόμην,
1148 1809 1220 1848 ὑπὸ
1247 1811 1316 1852 τοῦ

61 1864 254 1904 semma
270 1886 314 1893 —
339 1862 524 1909 ἑαλωκὼς,
543 1862 743 1915 disquiram
770 1865 804 1901 in
824 1863 1025 1902 Addendis.
1058 1864 1172 1903 Certe
1189 1878 1318 1904 muta·-

60 1930 99 1957 ta
125 1917 309 1957 distinfflo
333 1917 476 1969 placet3
501 1930 626 1955 utrum
656 1929 752 1954 vero
775 1917 839 1955 ἐπὶ
856 1930 932 1956 non
955 1930 1075 1968 aeque
1093 1919 1218 1956 valere
1232 1919 1318 1970 pos-

61 1972 106 2011 sit
130 1987 242 2011 coram
267 1974 424 2016 domino,
455 1981 498 2008 ut
525 1971 611 2008 alibi
636 1970 807 2009 Luciano
833 1969 984 2022 aliisque
1013 1971 1114 2009 vaiet
1130 2002 1142 2018 ‚
1169 1972 1318 2014 videbi·

60 2038 155 2064 mus.
185 2025 236 2063 At
252 2023 316 2063 ὑπ’
342 2025 400 2063 hic
422 2023 519 2063 stare
539 2024 688 2077 potest,
709 2022 736 2061 fi
767 2036 914 2062 novum
942 2024 1126 2063 subeundi
1152 2026 1315 2065 verbum

0 2075 4 2288 Ξ
60 2079 255 2131 intelligas.
279 2079 425 2117 Rettz.

68 2194 228 2207 ..ι-.-
1095 2191 1317 2204 --.

547 2193 845 2204 -—-—-——

1 2289 5 2347 ς
191 2283 1189 2351 ,ΙΝΕΡΙΟΒΑΜΜΛΤΑ

114 2390 143 2430 Ι.
170 2405 205 2429 ν.
229 2403 260 2430 1.
278 2388 480 2442 Ἔγραψε)
500 2389 530 2428 1.
546 2389 586 2428 Ρ.
608 2388 815 2435 d'Orville,
839 2390 946 2428 cuius
966 2389 1111 2428 liberali
1135 2388 1321 2429 beneficio

61 2444 250 2483 nonnulla
277 2444 436 2483 Luciani
468 2443 747 2495 Epigrammata
771 2444 906 2481 inedita
938 2443 1016 2483 sum
1045 2443 1200 2488 naifius,
1226 2457 1324 2495 quae

62 2496 196 2538 deinde
211 2496 428 2547 subiiciam,
455 2496 746 2550 versionemque
769 2495 896 2536 Grotii
917 2496 1149 2549 singulorum
1166 2527 1176 2544 ,
1201 2496 1327 2549 (exce-

989 2548 1078 2589 G2

0 2546 2 2616 i

9 2713 17 2930 ἱ

14 2933 21 3168 i
