1973 3497
997 169 1458 215 INDEX

595 252 817 294 Scarificatio
830 254 933 308 pedis
943 286 956 305 ‚
968 255 1014 295 ad
1027 257 1260 296 minuendum
1276 257 1440 295 dolorem
1455 256 1637 310 podagrae
1651 257 1692 297 X
1702 287 1712 306 ,
1737 259 1855 312 Ocyp.

651 322 690 346 v.
709 322 774 359 91.

595 360 790 401 Scenarum
819 363 855 401 in
881 365 1072 416 tragoediis
1092 366 1247 404 mutatio
1269 363 1346 413 ΙΙΙ,
1370 378 1414 418 19
1433 363 1511 417 sqq.
1541 365 1591 403 eis
1608 362 1735 404 similes
1760 365 1860 405 vitae

652 416 831 455 humanae
845 417 1002 455 affitiones
1019 420 1099 457 ibid.

596 470 782 521 Scepticus
805 471 951 522 quidam
972 471 1050 519 ΙΙΙ,
1072 484 1156 523 113.

595 523 808 562 Scintharus
834 524 900 571 IV,
917 525 1004 577 256.

597 577 723 616 Sciron
737 607 747 624 ‚
767 576 916 616 iustitiae
935 588 1140 617 contemtor
1162 578 1256 627 VII,
1275 590 1334 631 57.

595 631 806 670 Scommate
832 631 916 668 nihil
940 630 979 669 fit
1000 631 1156 671 deterius
1176 632 1229 672 Ill
1243 662 1254 680 ,
1282 645 1370 686 131.'

595 684 881 724 Scorodomachi
903 684 975 732 IV,
999 697 1086 735 231.

597 738 754 788 Scyphis
774 737 807 776 se
826 739 1004 790 impetunt
1025 740 1208 777 convivae
1228 739 1287 778 IX
1300 770 1312 783 ,
1328 739 1391 779 81.

596 792 811 840 Scytharum
834 793 872 830 in
894 792 1024 830 delicta
1050 792 1219 831 severitas
1241 793 1332 840 Vll,
1365 793 1448 833 162.
1478 793 1599 845 quales
1626 805 1686 844 23.
1724 793 1856 845 sagittis

651 843 761 883 fortes
777 845 849 891 VI,
874 846 935 894 64.
964 846 1120 884 amicitia
1145 847 1228 884 nihil
1251 858 1379 899 purant
1402 848 1516 885 maius
1530 848 1591 897 63.
1619 848 1654 884 in
1672 862 1714 886 ea
1733 846 1856 886 fideles

653 899 717 950 65.
745 899 974 951 inhospitales
987 931 998 948 ,
1012 898 1168 952 agrestes
1187 901 1264 939 ibid.
1295 914 1357 938 cur
1375 899 1571 940 sacrificent
1586 900 1739 939 Orestae
1753 913 1861 952 atquc

650 952 781 1004 Pyladi
805 954 855 992 60
880 953 958 1005 sqq.
979 967 1106 992 eorum
1130 954 1221 992 bella
1243 965 1417 1006 perpetua
1440 969 1503 1007 99.
1534 955 1726 1006 quomodo
1745 955 1863 993 ineant

650 1008 849 1046 amicitiam
867 1007 947 1045 ibid.
974 1006 1131 1059 Scythas
1150 1021 1224 1045 non
1246 1008 1403 1060 speEiare
1423 1010 1623 1047 verborum
1644 1009 1858 1060 elegantiam

650 1060 714 1114 98.
736 1061 975 1099 iusiurandum
989 1060 1144 1111 Scythae
1164 1074 1247 1101 100.
1275 1076 1402 1101 eorum
1418 1061 1482 1100 Dii
1509 1075 1592 1101 101.
1621 1072 1748 1100 contra
1767 1060 1860 1101 Sau-

648 1126 806 1152 romatas
833 1115 968 1153 bellum
997 1129 1083 1154 102.
1111 1115 1208 1154 Zirin
1235 1116 1416 1162 clamare,
1441 1117 1529 1167 quid
1557 1116 1651 1168 apud
1678 1129 1740 1154 eos
1771 1129 1857 1168 103.

651 1182 779 1207 eorum
809 1170 902 1206 inter
928 1168 961 1207 se
984 1168 1075 1206 fides
1103 1182 1174 1208 102
1197 1169 1246 1221 sq.
1270 1171 1307 1207 it.
1333 1170 1417 1209 126.
1446 1171 1575 1222 pellem
1602 1168 1751 1207 insidere
1774 1169 1858 1222 quid

648 1222 747 1273 apud
763 1237 825 1261 eos
845 1236 858 1260 1
871 1237 884 1260 1
898 1236 929 1261 1.
953 1236 1027 1260 non
1043 1221 1233 1260 effundunt
1253 1223 1276 1260 ii
1296 1224 1424 1262 vinum
1442 1223 1525 1263 108.
1558 1222 1779 1275 supplicandi
1797 1237 1860 1262 eo-

649 1289 731 1313 rum
751 1277 841 1314 ratio
870 1289 884 1314 1
897 1289 956 1315 ιι.
987 1281 1176 1328 quomodo
1195 1277 1362 1329 colligant
1385 1278 1510 1329 copias
1524 1277 1604 1315 ibid.
1635 1289 1761 1315 contra
1775 1276 1860 1315 Ma-

650 1330 774 1381 chlyes
791 1343 917 1369 eorum
935 1330 1069 1370 bellum
1093 1344 1107 1368 1
1120 1330 1163 1368 18
1186 1330 1234 1383 sq.
1256 1332 1292 1368 in
1316 1344 1390 1382 quo
1413 1330 1545 1370 distent
1567 1331 1614 1369 ab
1632 1331 1757 1370 Alanis
1776 1332 1860 1371 116.

649 1383 792 1434 sagittas
815 1394 951 1437 ungunt
972 1383 1171 1432 venenoI,
1203 1385 1262 1437 58.
1290 1385 1555 1438 sagittariorum
1583 1399 1663 1423 mos
1678 1384 1773 1435 apud
1797 1399 1860 1423 eos

650 1437 716 1483 IV,
731 1453 793 1486 44.
808 1437 894 1476 Diis
911 1438 1068 1478 ma&ant
1091 1439 1256 1477 homines
1277 1438 1347 1485 Ill,
1363 1453 1412 1489 77
1431 1439 1480 1491 sq.
1509 1437 1670 1491 Scythae
1689 1438 1861 1477 Sacaura-

653 1493 685 1529 ci
710 1492 820 1539 VIII,
851 1504 935 1542 123.
977 1491 1196 1544 Scytharum
1221 1491 1353 1537 dicho,
1376 1493 1549 1544 proverb.
1578 1505 1664 1542 243.
1704 1506 1750 1529 an
1771 1493 1861 1530 inter

652 1545 806 1597 Scythas
826 1547 882 1583 vir
902 1547 1021 1586 bonus
1041 1547 1124 1596 IX,
1150 1559 1239 1600 255.
1267 1545 1490 1599 Scytharum
1510 1545 1729 1585 incursiones
1747 1546 1863 1599 repri-

655 1602 728 1646 mi,
752 1601 787 1638 in
810 1601 908 1639 votis
925 1599 975 1639 est
1001 1601 1088 1641 266.

601 1654 718 1694 Secta.
748 1655 810 1692 uni
840 1668 913 1692 non
944 1654 1036 1694 adeo
1061 1654 1353 1699 adhaerendum,
1383 1664 1421 1692 ut
1439 1665 1577 1692 ceterae
1603 1653 1676 1692 fine
1696 1654 1861 1691 examine

652 1708 860 1760 spernantur
878 1708 943 1755 IV,
955 1709 1017 1756 46.
1053 1710 1108 1746 cui
1128 1708 1279 1754 similes,
1303 1709 1364 1760 qui
1383 1709 1444 1745 uni
1462 1707 1497 1745 se
1518 1708 1622 1759 plane
1638 1709 1862 1761 mancipant,

651 1764 777 1801 ceteris
797 1762 918 1801 valere
938 1762 1033 1800 iuffis
1054 1777 1101 1815 45
1123 1762 1175 1813 sq.
1208 1762 1283 1800 vid.
1308 1761 1538 1813 Philofhphia.

597 1816 764 1856 Seleucus
780 1817 825 1865 V,
846 1830 930 1867 154.
946 1816 1013 1863 ΙΙΙ,
1029 1830 1116 1868 294.
1130 1829 1283 1855 uxorem
1297 1815 1372 1854 filio
1386 1816 1480 1853 cedit
1495 1815 1566 1863 lx,
1583 1828 1653 1854 100
1667 1814 1717 1866 sq.
1732 1815 1773 1854 ὃ(
1784 1823 1860 1854 not.

599 1870 760 1917 Semele,
775 1884 869 1923 quae
887 1870 919 1909 ΙΙ
932 1901 942 1917 ,
961 1884 1007 1921 29
1026 1870 1076 1923 sq.

597 1925 758 1962 Semidei
782 1924 938 1963 ridentur
955 1924 1011 1964 IX
1026 1954 1036 1971 ,
1060 1923 1146 1974 185.

595 1978 805 2016 Semiramis
832 1978 961 2016 Iunoni
987 1978 1162 2030 templum
1189 1976 1386 2016 condidisse
1413 1977 1602 2016 coniicitur
1619 1974 1704 2020 IX,
1724 1975 1785 2027 96.
1819 1976 1866 2014 fi·

651 2032 855 2070 mulacrum
885 2033 960 2071 eius
992 2033 1027 2070 in
1055 2033 1192 2083 templo
1224 2033 1403 2072 Iunonem
1425 2030 1606 2069 ostentans
1640 2029 1862 2078 colendam,

655 2100 729 2124 non
748 2085 784 2124 se
806 2099 889 2125 122.

599 2140 892 2180 semivocalibus
915 2139 1090 2179 secundus
1114 2142 1206 2179 inter
1231 2140 1349 2178 literas
1367 2140 1469 2178 locus
1495 2139 1664 2178 convenit
1688 2136 1728 2187 I,
1755 2138 1816 2186 64.

602 2195 733 2247 Sepes.,
757 2208 824 2247 pro
844 2195 992 2233 homine
1012 2195 1164 2234 barbato
1184 2194 1296 2242 VIII,
1322 2194 1385 2233 81.

600 2248 750 2299 Septem
769 2249 892 2288 diebus
908 2262 928 2286 a
946 2249 1085 2300 templo
1106 2247 1297 2295 abstinent,
1315 2250 1376 2301 qui
1396 2260 1582 2286 mortuum
1598 2245 1761 2299 sepeliere
1780 2244 1861 2292 IX,

665 2302 749 2341 128.

603 2354 785 2407 Septimus
808 2357 886 2409 quis
911 2355 1023 2395 dicius
1044 2356 1152 2404 VIII,
1174 2370 1237 2406 72.

603 2408 812 2460 Sepulcrum
838 2411 940 2449 Iovis
958 2410 1015 2450 IX
1028 2441 1039 2459 ‚
1060 2411 1145 2457 184.

605 2460 811 2515 Sepulturae
830 2466 932 2505 varia
950 2478 1082 2519 genera
1100 2464 1185 2514 VH,
1209 2478 1284 2517 217
1301 2463 1349 2516 sq.
1374 2463 1467 2517 (vid.
1481 2462 1611 2515 funus,
1626 2464 1661 2500 it,
1676 2460 1865 2515 parentat.)
