1973 3497
357 164 519 213 MSS.
570 162 1180 211 PARISIENSIUM.
1312 180 1396 230 125

135 254 270 303 tuiffe3
298 255 359 295 sed
389 255 424 294 id
454 253 691 307 propositum
722 251 816 299 fuit,
849 261 892 291 ut
920 251 1014 290 nihil
1044 263 1306 300 mutaremus,
1333 252 1402 292 nist

136 310 202 349 ubi
230 310 295 348 vel
320 309 478 361 vulgata
510 308 623 347 leffio
658 318 786 358 aperte
823 318 1007 356 corrupta
1036 305 1151 351 esset,
1181 307 1244 345 vel
1276 306 1403 346 sensus

137 363 279 416 aliquid
305 363 536 407 lucraretur,
563 361 624 400 vel
659 360 785 399 oratio
812 358 995 398 tersiffimi
1026 359 1218 407 meroris,
1250 360 1404 400 admissa

136 429 246 457 nova
264 416 447 463 lectione,
468 428 588 466 eaque
605 424 711 452 extra
730 412 1029 452 controversiam
1047 412 1181 464 posita,
1199 414 1406 453 rotundior

137 472 317 523 prodiret.
332 470 370 508 Si
391 481 474 521 quo
495 469 584 508 loco
609 468 710 506 dubii
733 468 992 511 haereremus,
1009 479 1199 518 quaenam
1220 467 1316 506 inter
1333 466 1406 506 dis-

139 532 338 577 crepantes
359 523 542 562 leffiones
562 520 807 575 praeferenda
826 520 915 559 effet
929 549 939 566 ‚
959 520 996 558 in
1012 520 1169 571 vulgata
1190 521 1407 573 acquiesce.

139 590 204 625 re,
227 578 503 628 optionemque
529 575 789 627 sagacioribus
810 574 1026 624 permittere
1051 574 1279 621 maluimus;
1302 574 1406 612 sunt-

139 643 238 682 que,
262 631 308 670 de
331 630 499 682 quibus,
529 630 574 668 ad
600 629 756 680 linguae
782 627 957 667 Graecae
985 627 1154 666 rationes
1181 628 1406 680 pertinenti-

139 683 238 729 bus,
263 684 386 723 adhuc
411 696 492 723 non
515 684 676 722 omnino
700 680 939 722 consentiant
958 682 1031 719 viri
1055 681 1167 720 d06ti.
1195 681 1316 734 Atqui
1336 695 1406 723 ve·

138 738 297 777 rendum
327 748 432 784 erat,
464 749 513 775 ne
538 737 760 775 mutationis
790 735 929 774 libidini
957 735 1114 774 nimium
1145 735 1405 788 indulgentes,

139 792 421 845 arrogantiores
450 791 667 829 videremur
695 791 732 828 in
766 788 988 840 refingendo
1019 789 1103 827 libri
1136 800 1269 835 textu,
1297 791 1406 830 cuius

139 845 275 885 titulus
310 846 475 884 aliorum
512 845 702 883 editorum
736 843 892 881 nomina
932 840 1107 893 praefert.
1146 842 1406 882 Adhibuimus

139 911 240 937 vero
270 900 382 937 etiam
410 899 449 936 in
476 897 675 937 consilium
696 897 753 935 ed.
779 895 1065 935 Salmuriensem
1091 895 1129 933 δι
1157 895 1405 935 Bafileensem

140 953 251 991 nobis
273 963 470 1004 quartam:
499 964 663 1002 quarum
690 950 791 988 illam
820 950 1068 1000 negligentius
1094 961 1116 986 a
1142 947 1295 988 Reitzio
1324 950 1419 989 cola

140 1007 257 1045 latam
282 1006 411 1053 fuisse,
445 1004 564 1044 statim
592 1003 826 1054 experientia
850 1003 1005 1050 docuit;
1036 1003 1128 1041 haec
1156 1002 1251 1042 nulli
1280 1004 1406 1045 adhuc

140 1061 331 1100 editorum
358 1060 538 1098 innotuit.
558 1057 706 1098 Profuit
733 1058 826 1096 haec
850 1069 967 1109 opera
989 1056 1031 1095 &
1051 1058 1098 1094 ad
1125 1056 1181 1104 id,
1210 1069 1252 1095 ut
1278 1068 1405 1097 textus

143 1114 271 1153 noster
309 1112 546 1152 emendatior
581 1113 774 1164 prodiret,
813 1110 970 1149 sublatis
1000 1123 1022 1149 a
1058 1110 1169 1149 nobis
1209 1111 1406 1150 erroribus

140 1168 455 1220 typographicis,
475 1179 575 1219 quos
601 1167 700 1205 haud
729 1177 872 1217 paucos
900 1163 1041 1215 eosque
1066 1164 1268 1216 graviores
1290 1164 1407 1204 offert

142 1221 338 1260 Reitziana
363 1221 490 1260 editio.
516 1220 681 1259 Subinde
701 1221 812 1258 etiam
834 1219 1014 1269 contigit,
1039 1229 1083 1257 ut
1101 1220 1304 1257 earundem
1327 1220 1406 1257 edi-

142 1275 292 1314 tionum
311 1287 385 1326 ope
406 1274 751 1325 interpunctionem
768 1274 807 1311 in
827 1272 959 1311 melius
980 1272 1239 1323 dirigeremus.
1258 1271 1406 1312 Utrius-

143 1342 222 1382 que
238 1329 322 1368 libri
345 1327 512 1366 diversas
534 1327 741 1372 leftiones,
765 1337 845 1365 tum
865 1339 888 1364 a
913 1325 1062 1364 Reitzio
1088 1326 1299 1377 neglectas„
1322 1338 1407 1365 tum

143 1395 269 1421 novas
291 1395 312 1421 a
340 1382 451 1420 nobis
472 1383 671 1431 inventaS,
692 1379 865 1419 leffionis
890 1379 1089 1424 varietati,
1113 1380 1266 1431 singulis
1289 1380 1407 1419 volu-

143 1437 310 1475 minibus
341 1448 537 1482 annexae,
577 1434 652 1474 suis
687 1434 856 1485 quasque
890 1433 985 1472 locis
1015 1432 1249 1472 inseruimus.
1284 1433 1406 1473 Belini

143 1489 401 1530 Collationem
427 1490 612 1541 integram
637 1489 674 1526 in
700 1490 801 1527 hunc
824 1487 954 1526 locum
986 1486 1138 1525 servare
1173 1487 1297 1525 visum
1327 1487 1403 1536 est,

142 1543 249 1582 miss'a
275 1554 401 1582 tamen
431 1542 674 1582 Scholiorum
702 1555 746 1581 ea
773 1553 901 1593 parte,
929 1541 1040 1579 cuius
1072 1542 1223 1591 copiam
1251 1541 1288 1578 in
1321 1541 1406 1579 An-

142 1597 407 1636 notationibus
435 1597 506 1634 iam
537 1595 706 1635 fecimus.
737 1595 800 1635 De
830 1594 982 1645 singulis
1017 1604 1147 1633 autem
1178 1593 1407 1634 leffionibus

143 1651 234 1703 quid
268 1649 419 1690 senserit
443 1651 502 1688 vir
533 1649 787 1695 doffiffimus,
822 1650 1048 1700 plerumque
1082 1647 1292 1687 adscribere
1326 1661 1407 1687 non

145 1705 297 1757 gravati
319 1705 447 1743 sumus
462 1735 471 1750 ,
492 1704 680 1742 interdum
707 1703 746 1741 &
766 1701 831 1753 ipsi
861 1702 1129 1753 qualecunque
1150 1701 1322 1740 nostrum
1346 1703 1407 1741 iu-

144 1759 284 1799 dicium
327 1756 650 1808 interposuimus,
694 1755 790 1796 iusta
829 1767 955 1794 tamen
993 1756 1186 1794 brevitate
1218 1755 1407 1795 adhibita:

143 1813 287 1865 quippe
311 1812 448 1852 modus
473 1823 555 1850 erat
586 1811 796 1854 tenendus,
823 1821 867 1848 ut
894 1810 1004 1850 locus
1032 1810 1311 1862 relinqueretur
1342 1808 1407 1848 In-

144 1866 309 1916 dicibus,
336 1867 402 1920 qui
431 1866 618 1907 volumen
641 1865 718 1904 hoc
744 1864 930 1905 claudent.

535 2023 1016 2037 ——i--n—

588 2139 645 2183 In
697 2135 961 2182 Somnium.

201 2231 292 2283 Pag.
315 2245 350 2284 3.
373 2245 403 2271 e.
427 2243 459 2270 ι.
480 2229 503 2270 l.
526 2243 560 2269 2.
576 2226 670 2268 ’‘HAEn
687 2228 752 2266 τὴν
775 2226 924 2268 {masau
949 2225 1132 2277 πρόσηβος
1156 2222 1232 2276 ὢν)
1255 2223 1410 2264 Belinus

141 2284 360 2325 Lucianum
386 2283 694 2337 scripfiffemputat
720 2281 902 2331 πρωθήβης
928 2280 986 2317 ὧν·
1017 2281 1070 2318 uti
1101 2277 1202 2317 Dial.
1227 2290 1342 2317 mort.
1368 2276 1409 2318 V

149 2339 216 2378 fin.
238 2339 320 2379 ἀντὶ
341 2339 514 2393 ’γέροντος
532 2337 635 2376 αὖθις
656 2336 841 2388 πρωθηβης
866 2336 1081 2386 γενόμενος.

151 2444 179 2486 s
199 2393 296 2500 ξΡιΞς.
323 2409 355 2447 ς.
377 2393 401 2432 l.
422 2407 455 2433 2.
469 2391 614 2433 Φύσεώς
629 2404 679 2445 γε
697 2412 741 2421 -
756 2392 857 2442 έχων
881 2386 1039 2440 saiwis)
1064 2385 1147 2426 MS.
1167 2398 1288 2439 2957:
1307 2385 1409 2439 ἔχων

180 2460 196 2486 ε
214 2459 296 2487 4025.
