1973 3497
531 238 594 301 76
733 237 1606 287 ANNOTATIONES

529 339 643 378 ρομοιι
665 327 761 366 med.
788 341 860 380 pro
883 341 967 381 quo
989 341 1055 380 per
1073 327 1274 380 syncopen
1297 326 1466 381 ἕ-γρομαι.
1487 327 1529 366 ‘0
1546 327 1724 379 κυὲοιμὶς
1741 328 1800 366 'tici

535 379 663 419 multus
677 410 687 428 ,
709 382 873 420 maxime
896 382 1069 421 bellicus.
1092 382 1184 420 Inde
1200 381 1477 434 ἐγρεκύδοιμσς,
1497 382 1702 421 tumultum
1721 381 1797 420 bel-

528 432 649 472 licum
676 435 858 473 excitans.
877 435 1031 474 Hefiod.
1051 435 1201 486 Theog.
1226 448 1299 488 925
1330 435 1548 474 Minervam
1567 435 1727 487 appellat
1751 434 1800 471 ἀ-

533 486 803 538 γροκύὲοιμον,
829 489 934 541 quast
955 502 1068 541 agros
1099 488 1333 535 vastantem,
1360 487 1420 541 (ut
1441 489 1593 540 quidam
1620 488 1704 527 libri
1733 488 1799 526 ha-

564 539 646 592 ent)
668 540 727 579 sed
750 542 900 581 videtur
922 541 1186 595 ἑγρεκὺὃοιμον
1203 541 1517 592 praeferendum3
1538 543 1644 594 quod
1668 550 1799 580 tamen

532 604 616 631 non
643 592 725 633 satis
748 597 958 635 attendenti
984 596 1105 636 videri
1132 595 1253 647 postet
1284 595 1539 647 compositum
1568 609 1617 634 ex
1644 594 1797 648 ἑγείρω,

537 646 579 684 8(
604 645 716 687 wls&
734 649 868 700 gloria,
891 648 996 701 quafi
1021 650 1146 701 gloriae
1172 649 1353 688 excitatrix
1381 647 1425 687 sit
1447 649 1628 688 Minerva
1642 677 1655 696 ,
1681 649 1736 688 uti
1759 647 1800 687 δι

536 699 713 751 Sinapius
742 702 928 748 reddidit,
961 704 1093 742 Virtute
1117 703 1243 741 claram
1269 703 1470 741 Palladem.-
1499 716 1616 755 quem
1649 703 1686 740 in
1713 714 1800 740 ver-

535 752 644 791 sione
675 755 787 794 huius
813 756 992 795 dramatis
1019 756 1213 795 subitanea
1242 754 1393 795 secutus
1417 756 1544 807 gloriae
1577 755 1800 795 excitatricem

535 806 704 855 reddidi,
732 821 820 848 cum
845 809 1051 848 debuissem
1073 810 1148 848 belli
1167 810 1230 849 vel
1251 810 1416 848 tumultus
1433 810 1655 849 excitatricem
1678 821 1803 860 expo-

538 871 641 899 nere.
666 861 785 914 quue
808 863 872 902 vel
895 875 942 901 ex
971 862 1050 902 sola
1070 864 1284 915 quantitate
1309 862 1541 915 cognoscere
1570 863 1683 903 licet:
1712 874 1804 901 nam

539 912 557 951 ὁ
574 912 750 968 κυὲᾳιμὶις
764 917 861 955 turba
880 917 1041 969 corripit
1062 917 1218 968 primam
1232 947 1242 963 ‚
1259 928 1301 956 ut
1317 916 1446 967 paffim
1467 930 1515 956 ex
1529 917 1648 956 Hom.
1665 916 1802 969 liquet.

541 966 598 1006 At
627 968 739 1008 musar
762 971 873 1020 gloria
895 982 983 1009 cum
1003 971 1183 1009 derivatis
1204 972 1362 1023 primam
1391 971 1579 1022 producit.
1604 970 1805 1009 Praeterea

539 1021 803 1075 diphthongus
828 1039 857 1062 οι
884 1024 920 1061 in
941 1023 1228 1078 {ypsnusozp-oc,
1252 1025 1371 1074 magis
1398 1025 1445 1063 ad
1465 1025 1652 1077 originem
1679 1023 1806 1063 ›cuson-

539 1077 611 1124 μὶς
631 1077 806 1122 adducit,
826 1090 942 1129 quam
965 1091 1012 1116 ex
1040 1077 1055 1115 ὁ
1085 1078 1254 1127 ›efflui-05.
1282 1078 1473 1117 SCHMID.
1797 1079 1799 1081 ’

612 1144 647 1167 ν.
685 1143 768 1169 ιοι.
802 1130 1058 1182 Ἐλόχευσεν)
1092 1130 1258 1181 Hesych.
1291 1130 1471 1184 λοχεύει,
1501 1131 1651 1180 τίκτει,
1676 1128 1806 1185 γεννᾷ.

543 1180 715 1223 GUYET.
733 1183 955 1237 Ἐλόχευσεν
977 1184 1138 1237 Ὀφίων)
1161 1186 1253 1224 Non
1276 1186 1382 1237 quod
1409 1185 1544 1236 Ὀφίων
1569 1186 1809 1236 hic,pepere-

541 1237 592 1274 rit
621 1239 845 1290 podragram
862 1269 874 1284 ,
901 1249 944 1277 ut
966 1252 1107 1285 mater,
1132 1252 1247 1290 quam
1277 1251 1369 1278 mox
1388 1241 1561 1278 nominat
1576 1237 1724 1289 Μοῖραν,
1745 1237 1808 1276 sed

541 1290 648 1341 quod
672 1291 732 1330 ille
757 1291 1033 1344 antiquissimus
1052 1292 1187 1343 Ὀφίων
1205 1303 1292 1332 ante
1308 1293 1511 1331 Saturnum
1525 1323 1535 1340 ‚
1552 1292 1714 1337 Iovem,
1742 1292 1809 1330 Iu-

542 1356 684 1382 nonem
711 1344 751 1384 &
771 1346 990 1385 Minervam
1015 1346 1233 1384 iamdudum
1259 1347 1465 1398 podagram
1487 1346 1664 1384 habuerit
1679 1375 1690 1391 ,
1713 1344 1809 1383 &in

545 1397 645 1436 ulnis
665 1399 736 1437 {uis
762 1399 867 1451 quafi
892 1399 1046 1438 foverit.
1068 1399 1324 1438 Commendat
1353 1412 1447 1452 ergo
1473 1398 1629 1439 Chorus
1651 1398 1714 1437 hic
1737 1411 1810 1449 po-

544 1451 700 1502 dagram
723 1452 772 1491 ab
793 1454 1027 1504 antiquitate.
1041 1453 1173 1503 Ὀφίων
1201 1465 1329 1492 autem
1354 1466 1455 1493 unus
1471 1463 1627 1506 putatur
1651 1465 1673 1491 e
1698 1451 1813 1491 sociis

544 1504 684 1544 Cadmi
701 1519 721 1546 e
746 1507 922 1545 dentibus
941 1506 1132 1546 Draconis
1152 1507 1252 1551 nati,
1272 1507 1390 1547 Ovid.
1405 1507 1460 1546 ΙΙΙ
1479 1507 1574 1546 Met.
1596 1506 1814 1558 accipitque

546 1571 691 1598 nomen
711 1560 759 1598 ab
774 1559 880 1610 ὕφει,
892 1560 1052 1613 sbrpente.
1075 1561 1171 1600 Aliis
1191 1572 1319 1599 tamen
1335 1562 1464 1599 verius
1487 1561 1551 1600 hic
1563 1559 1696 1611 Ὀφίων
1711 1571 1812 1598 unus

547 1612 733 1652 Titanum
754 1624 925 1667 putatur,
947 1617 991 1653 de
1014 1615 1152 1665 quibus
1175 1614 1494 1666 Hefiod.The0g.
1519 1626 1605 1663 207.
1630 1614 1703 1653 Hic
1720 1626 1811 1652 cum

549 1666 781 1718 Eurynome
809 1667 957 1707 Oceani
987 1667 1064 1707 filia
1092 1681 1138 1706 ex
1168 1668 1373 1719 Thethye,
1403 1678 1447 1707 ut
1473 1667 1588 1706 habet
1621 1666 1814 1706 Hesiodus

550 1720 701 1772 Theog.
718 1721 816 1773 358,
837 1735 963 1760 rerum
989 1723 1134 1773 potitus
1153 1721 1308 1774 fingitur
1329 1733 1417 1760 ante
1438 1722 1642 1760 Saturnum
1657 1751 1667 1764 ,
1688 1733 1709 1759 a
1727 1733 1811 1771 quo

551 1774 593 1814 δι
609 1787 630 1812 a
649 1775 760 1814 Rhea
782 1776 880 1814 coeli
906 1775 1175 1828 gubernaculis
1196 1776 1360 1815 deiefius
1379 1776 1529 1815 dicitur.
1552 1774 1730 1814 Meminit
1743 1775 1814 1814 hu-'

550 1827 611 1867 ius
636 1829 688 1868 rei
711 1829 907 1880 Lycophr.
932 1830 970 1867 in
995 1828 1094 1869 Caff.
1116 1844 1153 1868 v.
1185 1843 1295 1881 1192.
1318 1830 1506 1869 SCHMID.

608 1897 643 1920 ν.
676 1896 758 1930 ¹07·
786 1882 917 1936 Maipa)
942 1882 1178 1923 Genitricem
1198 1884 1398 1936 podagrae.
1427 1884 1549 1936 Supra
1571 1882 1741 1934 Podager
1763 1893 1814 1921 ex

552 1935 789 1987 impatientia
805 1937 968 1989 loquens
990 1939 1184 1990 Μέγαιραν
1206 1938 1496 1990 pronuntiavit,
1517 1937 1568 1976 ob
1583 1936 1751 1976 furorem
1771 1935 1814 1975 δι

553 1989 808 2030 carnificinam
840 1991 977 2029 morbi.
999 1992 1073 2030 Hic
1099 1991 1254 2030 Chorus
1282 2004 1360 2030 non
1382 2003 1459 2030 tarn
1481 2004 1530 2030 ex
1552 1990 1788 2042 impatientia
1803 2020 1816 2039 ‚

554 2057 669 2096 quam
694 2057 742 2083 ex
757 2043 1010 2091 assuetudine,
1037 2045 1200 2096 loquens
1215 2074 1225 2090 ‚
1252 2057 1413 2085 matrem
1438 2045 1528 2084 facit
1548 2057 1661 2083 unam
1682 2044 1817 2082 Parca-

553 2112 663 2143 rum,
696 2112 809 2150 quam
835 2099 873 2137 in
902 2111 1039 2151 genere
1061 2100 1231 2137 nominat
1255 2100 1385 2150 Μοῖραν
1401 2129 1413 2144 ,
1445 2099 1467 2137 ἰ.
1493 2112 1526 2138 e.
1552 2100 1687 2136 Fatum.
1714 2097 1818 2137 Dein

556 2152 686 2190 Κλωθὼ
706 2154 745 2191 in
770 2153 892 2203 specie
908 2183 919 2200 ‚
944 2153 968 2192 i.
987 2165 1020 2192 e.
1042 2153 1253 2192 decretoria
1274 2154 1333 2193 vis
1351 2166 1530 2199 naturae,
1550 2165 1571 2191 a
1591 2151 1738 2191 κλὼθειν
1754 2152 1819 2191 de·

557 2218 726 2250 cernere.
755 2206 941 2246 SCHMID.

613 2275 648 2298 ν.
680 2259 763 2299 108.
790 2259 1046 2314 Ἐ’γὲλασσεν)
1067 2261 1175 2300 Haec
1202 2259 1330 2300 iocose
1356 2259 1462 2312 fingit
1487 2262 1631 2312 poeta,
1653 2269 1696 2299 ut
1721 2258 1819 2298 Iudi·

557 2313 639 2352 bria
664 2313 701 2351 in
731 2314 953 2366 podagricos
983 2315 1031 2353 ab
1057 2315 1188 2353 amicis
1213 2315 1307 2353 ia&a
1331 2314 1484 2353 excuset
1500 2345 1510 2361 ‚
1536 2327 1622 2352 cum
1656 2313 1820 2360 merito,

558 2377 695 2405 exorta
729 2370 832 2420 apud
868 2368 1032 2419 aliquem
1068 2369 1233 2420 podagra
1249 2398 1261 2414 ‚
1293 2368 1413 2407 ridere
1449 2369 1649 2406 videantur
1683 2366 1820 2414 amici,

558 2422 872 2473 quandoquidem
900 2421 1021 2472 ipsum
1050 2422 1201 2461 coelum
1230 2424 1266 2460 in
1290 2423 1414 2473 primo
1446 2422 1528 2461 eius
1559 2434 1649 2460 ortu
1678 2419 1820 2468 riserit,

560 2475 601 2515 δέ
627 2487 713 2513 cum
743 2474 968 2520 serenitate,
985 2477 1023 2514 in
1048 2475 1195 2529 signum
1220 2476 1383 2515 laetitiae
1398 2506 1407 2523 ‚
1428 2475 1612 2515 tonuerit.
1632 2474 1821 2514 SCHMH).

560 2527 703 2582 Lepide
732 2527 818 2570 sane
840 2529 1005 2580 dietum,
1033 2541 1078 2571 ut
1102 2543 1186 2572 non
1213 2531 1405 2571 immerito
1432 2542 1504 2582 pro
1528 2528 1615 2569 Dea
1639 2528 1822 2569 habeatur
