1973 3497
936 198 1395 246 INDEX

531 286 748 339 Composita
766 286 881 326 verba
901 287 1018 328 faceta
1039 289 1098 336 X,
1126 292 1229 339 Trag.
1254 303 1291 328 v.
1310 297 1532 342 191—2021

531 341 763 380 Concurrere
779 341 824 379 ad
844 342 976 395 aliquid
991 372 1001 386 ,
1025 354 1061 380 ut
1079 343 1124 381 ad
1150 342 1318 381 nofluam
1345 357 1432 381 aves
1451 344 1516 390 IV,
1545 342 1629 394 138.

531 395 753 446 Coniugium
766 394 969 447 inaequale,
983 395 1130 434 formofi
1146 398 1213 434 viri
1228 398 1267 435 &
1283 396 1452 435 deformis
1475 397 1629 435 feminae
1644 395 1708 445 VI,
1724 395 1792 450 852

532 447 692 494 Conon,
713 462 756 486 ex
771 447 930 487 Conone
953 448 1095 487 efficere
1116 448 1324 487 Titormum
1346 449 1408 494 lV,
1430 449 1514 501 198.

531 500 695 541 Confilio
714 501 907 540 emendare
937 501 1134 548 difficilius,
1163 517 1271 553 quam
1296 503 1565 555 reprehendere.
1587 502 1663 540 vid.
1683 518 1789 551 repre-

587 557 732 593 hendere.
757 554 958 594 Consilium
992 568 1131 594 mutare
1154 556 1375 608 Epimethei‚
1396 570 1470 594 non
1504 570 1596 609 opus
1623 555 1674 595 est
1701 556 1793 595 Pro-

586 609 720 646 methei
744 607 784 654 I,
807 622 826 646 2
858 638 866 646 .

530 660 755 701 Contentum
772 621 955 699 neniinem
975 661 1043 700 esse
1059 660 1119 699 sua
1131 661 1222 700 sorte
1234 662 1317 710 VII,
1336 675 1395 715 37.
1415 663 1672 715 philosophum
1681 675 1791 715 οροε-Α

586 726 635 752 tet
652 715 720 752 esse
741 726 963 753 contentum.
984 716 1060 752 vid.
1080 716 1310 768 philofiaplzus.

531 767 794 807 Contradicere
816 769 899 806 utile
922 767 1006 815 VH,
1027 781 1110 818 170.
1131 770 1205 807 vid.
1225 785 1396 823 opponere.

530 821 763 860 Contumelia
783 831 817 859 te
836 820 965 868 afficit,
985 824 1043 872 qui
1064 822 1187 860 servos
1207 822 1393 876 filiumque
1418 833 1518 862 tuum
1543 823 1626 870 IX,
1644 835 1732 875 232.

530 875 730 914 Convielio
758 874 782 912 s.
802 877 966 913 elenchus
983 875 1057 922 III,
1081 888 1165 927 135.

529 929 715 968 Convitio
742 929 825 966 nihil
852 928 891 967 fit
915 930 1065 968 deterius
1087 929 1139 968 III
1156 961 1165 976 ,
1190 944 1274 983 131.

528 982 762 1022 Convivium
786 983 942 1034 lepidum
961 983 1018 1022 lX
1032 1013 1042 1030 ,
1063 997 1109 1034 45
1133 983 1183 1035 sq.
1213 987 1247 1022 in
1270 984 1449 1022 convivio
1470 982 1565 1036 gesta
1585 997 1659 1022 non
1684 983 1791 1022 decet

586 1035 738 1089 vulgare
758 1049 819 1085 47.
849 1037 1036 1075 Convivam
1060 1052 1230 1077 memorem
1253 1039 1306 1076 odi
1315 1069 1327 1084 ‚
1347 1051 1452 1088 prov.
1478 1039 1559 1076 ibid.
1587 1040 1622 1075 in
1645 1051 1690 1076 eo
1713 1051 1790 1075 car-

583 1091 684 1128 mina
702 1101 878 1128 canuntur
898 1089 961 1129 60.
990 1090 1126 1128 scurrae
1146 1092 1234 1129 inter
1256 1105 1378 1129 moras
1403 1090 1639 1143 opsoniorum
1657 1090 1790 1129 induffi

585 1144 648 1182 61.
677 1143 883 1181 sermonum
915 1144 950 1180 in
971 1145 1122 1181 conv-iv.
1154 1145 1360 1183 habitorum
1391 1143 1616 1194 meminisse,
1643 1143 1788 1183 difficile

587 1198 674 1248 269.
703 1197 916 1235 convivales
937 1197 1078 1236 fraudes
1098 1197 1137 1246 I,
1169 1213 1253 1247 144.

511 1249 661 1289 ·C0raci
678 1250 729 1295 V,
749 1250 810 1296 64.

529 1303 679 1343 Cordax
693 1334 704 1351 ,
725 1303 877 1342 saltandi
895 1317 1008 1356 genus
1026 1304 1076 1353 V,
1104 1305 1188 1357 136.
1220 1319 1302 1358 139.

529 1358 712 1396 Corintho
728 1371 799 1395 non
821 1357 1001 1409 protulisse
1018 1372 1174 1410 unquam
1198 1360 1346 1398 alterurn
1363 1358 1494 1412 pedem
1512 1358 1579 1405 IV,
1605 1371 1691 1412 192.

527 1411 708 1450 Cornices
729 1412 763 1448 in
787 1410 937 1450 Hesiodi
962 1411 1124 1462 sepulcro
1142 1412 1251 1462 VIII,
1272 1427 1356 1465 302.

528 1463 679 1503 Cornua
695 1465 969 1515 elephantorum
993 1465 1052 1504 IX
1065 1497 1076 1513 ‚
1093 1466 1155 1516 98.

528 1518 718 1556 Cornutus
743 1519 962 1571 syllogismus
983 1519 1057 1566 IX,
1077 1520 1138 1559 66.
1173 1531 1345 1559 cornutus
1357 1520 1515 1572 Iuppiter
1541 1519 1674 1558 ridetur
1700 1519 1788 1569 187.

528 1571 743 1611 Coroebum
759 1583 818 1610 aut
831 1572 1017 1612 Melitiden
1034 1584 1160 1626 putare
1178 1575 1331 1627 aliquem
1351 1575 1394 1623 V,
1415 1575 1500 1626 316.
1530 1573 1693 1614 Coroebi
1719 1573 1793 1613 effe

585 1636 644 1663 aut
670 1626 849 1677 Margitae
867 1627 935 1666 VII
949 1657 960 1672 ‚
982 1641 1068 1678 251.
1250 1672 1252 1674 ,

529 1679 704 1719 Coronae
723 1679 785 1718 sub
808 1681 951 1719 naribus
976 1682 1118 1732 potius,
1135 1695 1243 1734 quam
1261 1682 1296 1718 in
1318 1683 1433 1734 capite
1455 1679 1704 1734 gestandae1‚
1726 1692 1786 1732 54.

584 1747 742 1771 coronae
768 1733 923 1773 viftriciS
951 1736 1050 1773 varia
1076 1749 1207 1787 genera
1230 1735 1323 1783 VII,
1351 1749 1434 1788 159.
1475 1736 1636 1774 coronati
1660 1747 1792 1773 nautae

584 1785 667 1836 IX,
693 1799 779 1837 303.

531 1839 698 1892 Corpus,
724 1842 885 1880 virorum
903 1841 941 1880 ὃ(
963 1842 1154 1881 mulierum
1180 1842 1368 1894 quomodo
1389 1841 1554 1881 differant
1579 1841 1635 1885 V,
1664 1855 1711 1893 32
1738 1839 1793 1892 sq.

585 1908 719 1945 corpus
739 1896 832 1943 aeri,
852 1896 1036 1947 cuivisque
1054 1896 1357 1935 assuefaciendum
1380 1894 1675 1947 tempestatiVIl,
1701 1893 1788 1934 182.

583 1962 716 2000 corpus
735 1962 797 1987 cur
819 1961 953 2002 ungant
975 1949 1130 1998 Graeci,
1152 1952 1187 1988 in
1210 1949 1417 2002 palaestram
1440 1950 1569 1987 abituri
1584 1949 1663 1986 ibid.
1688 1948 1789 1986 labo-

583 2002 679 2039 ribus
702 2001 908 2048 subaelum,
930 2002 1061 2041 sudoris
1079 2018 1203 2056 expers
1222 2004 1300 2043 ibid.
1331 2005 1364 2040 in
1384 2003 1513 2042 eodem
1540 2015 1693 2054 corpore
1714 2015 1790 2039 non

585 2054 724 2107 semper
746 2056 866 2094 forma
893 2057 934 2095 &
952 2058 1066 2095 virtus
1091 2071 1162 2095 una
1185 2058 1344 2095 habitant
1364 2057 1409 2095 VI
1425 2088 1435 2105 ,
1460 2069 1518 2108 13.
1559 2068 1791 2108 comparatur

583 2108 645 2146 ista
667 2112 852 2148 exterioris
871 2110 917 2148 ab
940 2111 1097 2149 interiori
1121 2110 1305 2149 diversitas
1325 2112 1402 2149 ibid.
1428 2110 1478 2161 sq.

531 2162 763 2212 Corybantes
777 2164 836 2209 II,
857 2177 914 2215 37.
944 2163 1212 2214 Corybanticus
1232 2165 1380 2203 morbus
1401 2165 1431 2203 V
1446 2193 1456 2212 ‚
1478 2178 1562 2217 194.
1590 2176 1611 2202 a
1633 2175 1707 2216 quo
1725 2160 1793 2205 sal-t

587 2228 660 2255 tare
683 2216 757 2255 iuffi
783 2232 866 2266 127.

533 2270 702 2320 Corybas
727 2271 810 2317 IX,
831 2271 915 2310 186.

534 2323 743 2363 Cothurnus
756 2357 766 2373 ,
783 2326 896 2363 homo
915 2325 1026 2373 VIII,
1047 2341 1110 2377 72.

532 2377 712 2415 Cottabus
735 2380 818 2431 quid
840 2379 920 2423 IX,
949 2383 1036 2429 256,
1058 2382 1097 2419 &
1118 2390 1192 2420 not.

534 2430 772 2470 (Joturnicum
790 2446 914 2471 contra
929 2435 1043 2486 gallos
1056 2437 1150 2487 apud
1167 2433 1332 2475 Graecos
1354 2446 1473 2487 pugna
1489 2431 1584 2483 VII,
1601 2443 1685 2485 199.

533 2483 660 2523 Crates
678 2485 770 2532 VH,
791 2499 874 2538 134.
896 2487 958 2535 Il,
986 2503 1059 2528 222
1086 2487 1135 2541 sq.
