1973 3497
995 187 1460 233 INDEX

647 275 733 331 quiri
748 276 795 326 V,
810 287 898 322 225.
925 276 962 316 in
982 291 1108 316 aurum
1122 287 1278 316 mutatus
1293 276 1360 323 VI,
1381 290 1466 329 309.
1494 276 1648 329 sepultus
1661 272 1862 330 quomod&

647 345 774 370 tonare
797 330 902 384 poffit
925 332 998 381 278
1016 331 1066 383 sq.
1094 331 1172 378 III,
1195 345 1260 382 75.
1290 328 1434 368 amores
1453 331 1484 368 ei
1505 331 1769 380 exprobrantur
1789 346 1858 382 71⁶

648 385 699 424 VI
714 416 724 433 ,
742 399 829 436 225.
857 386 933 422 eius
949 384 992 422 ad
1013 396 1150 423 ceteros
1168 383 1272 422 Deos
1290 385 1405 422 oratio
1434 397 1520 431 240.
1553 384 1713 423 saltando
1729 385 1854 424 serva-

647 450 705 478 tur
720 438 769 484 V,
789 437 871 477 128.
890 452 912 476 a
926 437 1052 475 Phidia
1073 437 1377 489 repraesentatu33
1393 437 1467 475 vid.
1486 437 1644 477 Phidias.
1657 440 1763 476 varia
1778 440 1857 477 eius

648 491 863 544 epitheta'L
879 505 942 539 71.
973 491 1162 542 quomodo
1184 490 1346 528 amabilis
1366 489 1442 528 fieri
1463 489 1570 541 poffit
1593 489 1643 539 ΙΙ,
1663 507 1700 539 4.
1729 492 1765 530 in
1787 506 1855 530 va·

649 547 721 583 rias
742 544 1014 582 transformatur
1034 544 1165 595 species
1184 545 1264 583 ibid.
1293 545 1369 582 eius
1389 558 1449 581 ara
1468 546 1501 581 in
1517 542 1685 596 Gargaro
1699 544 1735 583 8.
1765 545 1857 584 arie.

649 600 721 636 tina
742 598 837 649 apud
859 598 1067 649 Aegyptios
1086 597 1176 635 facie
1196 597 1337 649 fingitur
1358 597 1425 644 ΙΙΙ,
1440 596 1504 647 78.
1532 612 1554 636 a
1568 611 1674 649 capra
1689 599 1856 645 nutritur,

649 653 688 689 in
709 651 820 690 Creta
844 650 1025 702 expositus
1045 663 1096 699 70
1122 649 1171 700 sq.
1210 650 1357 702 expulso
1380 662 1499 702 patre,
1527 651 1724 700 imperium
1745 652 1791 690 ad
1817 651 1857 691 se

650 706 741 757 rapit
761 718 826 753 71.
856 706 932 742 eius
948 717 1076 741 uxores
1095 704 1174 742 ibid.
1198 704 1233 740 in
1250 714 1412 742 amorem
1431 703 1560 742 effusus
1578 705 1655 743 ibid,
1678 705 1790 743 multa
1805 705 1855 743 de

650 760 697 796 eo
720 757 882 796 fabulosa
912 758 991 796 ibid.
1031 758 1092 795 ubi
1121 757 1257 794 colatur
1281 768 1343 808 75.
1395 758 1469 795 eius
1491 757 1689 808 sepulcrum
1714 758 1792 797 ibid.
1812 759 1857 797 &

650 812 730 859 IX,
753 825 840 859 247.
870 811 1041 850 barbatus
1062 809 1208 862 fingitur
1231 810 1285 849 III
1299 841 1312 857 ,
1333 811 1395 859 76.
1426 824 1509 849 cum
1525 809 1609 850 Sole
1631 810 1853 862 expostulat,

649 880 713 904 cur
727 865 785 913 H,
801 864 852 912 84
874 864 926 916 sq.
955 865 990 901 in
1004 877 1129 902 aurum
1146 875 1302 902 mutatur
1327 878 1341 901 1
1355 877 1410 914 ¹7·
1435 864 1641 903 divitiarum
1663 865 1766 903 dator
1780 865 1853 912 IX,

657 933 716 969 ¹7·
744 919 965 970 redarguitur
984 932 1006 955 a
1023 917 1155 955 Momo
1170 916 1228 956 IX
1242 947 1252 961 ,
1267 920 1376 956 Deor.
1393 919 1493 956 Cone.
1509 918 1652 970 ubique.
1677 917 1722 956 cf.
1744 919 1852 958 lovis.

596 972 795 1013 Iusiurand.
815 983 1018 1020 amatorum
1036 984 1173 1009 vanum
1195 970 1280 1010 VlII
1292 1001 1304 1018 ,
1322 985 1408 1023 225.
1421 972 1456 1008 in
1471 972 1638 1010 extremis
1651 971 1751 1009 labiis
1765 982 1855 1021 227.

652 1029 767 1064 iurare
791 1024 878 1063 falso
894 1038 966 1063 non
985 1036 1153 1062 verentur
1177 1038 1239 1076 pen
1270 1038 1428 1070 numen,
1451 1025 1548 1076 quod
1568 1027 1751 1077 impotens
1776 1038 1857 1064 cre-

651 1082 740 1119 dunt
756 1079 836 1126 IX,
868 1091 938 1125 241
958 1078 1008 1129 sq.
1033 1077 1073 1115 ὃ(
1092 1087 1169 1117 not.
1203 1078 1319 1116 iurare
1342 1091 1404 1130 per
1427 1090 1535 1128 quem
1554 1077 1678 1117 Deum
1701 1077 1854 1126 deceat,

652 1134 865 1172 deliberatur
885 1145 958 1182 243
986 1131 1036 1182 sq.
1062 1131 1254 1170 iusiurand.
1269 1146 1330 1183 per
1351 1131 1546 1170 trinitatem
1570 1145 1724 1170 vocatur
1745 1132 1854 1170 arith-

624 1202 629 1206 ·
650 1189 780 1225 metica
804 1185 879 1232 248
903 1185 953 1237 sq.
977 1185 1177 1224 ‚iusiurand.
1204 1184 1459 1238 Pythagorae,
1481 1184 1736 1233 Graecorum,
1766 1183 1859 1235 Scy«

651 1242 757 1286 thae‚
780 1240 856 1278 vid.
872 1241 939 1290 sito
964 1238 1076 1278 titulo.
1849 1250 1853 1251 ⁷

603 1293 692 1333 lusti.
713 1293 789 1331 vid.
809 1293 911 1331 Emi.

598 1348 733 1387 Iustitia
752 1347 913 1384 laudami-
933 1344 1003 1384 VII
1017 1376 1028 1391 ,
1049 1357 1109 1396 54.
1137 1343 1212 1384 eius
1229 1344 1364 1384 inimici
1390 1359 1449 1399 57.

597 1403 784 1440 Iuventus.
810 1399 884 1438 vid.
911 1399 1145 1450 adolescentia.

597 1456 777 1495 Iuvenum
799 1453 1043 1491 excusationes
1059 1453 1093 1490 in
1114 1452 1285 1491 donando
1304 1452 1419 1500 VIII,
1447 1466 1519 1506 225
1543 1453 1593 1506 sq.
1634 1466 1764 1493 eorum
1786 1460 1860 1494 vad.

651 1522 737 1546 num
752 1507 1000 1545 ‘iusiurandum
1019 1507 1100 1544 ibid.
1127 1520 1214 1555 227.

597 1562 703 1602 Ixion
720 1561 790 1610 Ill,
812 1557 868 1599 18.
899 1559 1080 1598 sollicitata
1093 1560 1250 1607 Iunone,
1263 1574 1283 1597 a
1301 1560 1394 1599 love
1409 1559 1609 1600 absolvitur
1620 1559 1672 1610 II,
1692 1571 1858 1614 17—201*

651 1616 780 1655 nebula
799 1615 832 1654 ei
853 1614 938 1654 loco
955 1613 1105 1653 Iunonis
1121 1614 1292 1652 obiicitur
1317 1627 1378 1654 21.

597 1744 783 1785 Kalendae
802 1742 995 1783 Romanae
1018 1741 1133 1788 Vm,
1157 1742 1220 1795 65.

597 1883 756 1924 Labores
769 1883 996 1932 Dromonis,
1009 1884 1069 1922 vel
1083 1882 1182 1923 Tibii
1203 1881 1257 1921 HI
1270 1912 1280 1930 ‚
1299 1881 1384 1930 246.
1414 1882 1556 1922 labores
1569 1881 1757 1930 sustinere‚
1770 1877 1856 1934 quid

652 1937 764 1989 profit
778 1938 851 1986 VI,
877 1951 961 1991 324·
982 1938 1079 1990 (vid.
1096 1953 1234 1991 corpus,
1252 1936 1375 1989 vires.)
1395 1950 1439 1975 ex
1464 1936 1529 1975 illis
1553 1935 1743 1975 nascuntur
1758 1937 1858 1976 bona

650 1992 745 2038 Vll,
770 2006 817 2029 22
849 2022 857 2031 .

597 2045 716 2084 Labra
731 2006 846 2097 rigat}
859 2075 869 2093 ‚
890 2043 1026 2083 siecum
1047 2044 1206 2096 linquere
1231 2043 1392 2096 palatum
1414 2041 1492 2090 III,-
1511 2054 1598 2097 275.

597 2099 673 2138 Lac
696 2099 845 2151 gallinae
865 2099 1025 2151 mulgere
1046 2098 1122 2145 III,
1149 2111 1234 2148 231.

597 2153 969 2192 Lacedaemoniorum
991 2154 1164 2190 exercitia
1176 2151 1261 2199 VH,
1278 2163 1366 2190 200.
1394 2150 1439 2189 de
1462 2150 1531 2206 pila
1552 2150 1753 2189 decertatio
1774 2150 1858 2191 ibid.

651 2206 846 2245 saltationis
866 2207 972 2244 amici
989 2206 1034 2252 V,
1054 2218 1124 2257 129
1138 2205 1186 2257 sq.
1212 2218 1337 2243 eorum
1355 2217 1457 2256 reges
1475 2215 1564 2255 quot
1580 2204 1769 2242 habuerint
1783 2204 1856 2241 cal-

651 2261 752 2298 culos
772 2259 818 2298 IV
835 2289 847 2304 ‚
868 2273 950 2308 142.
982 2258 1145 2311 pristinos
1166 2271 1301 2298 exuunt
1326 2270 1447 2298 mores
1475 2257 1535 2305 ΙΙ,
1563 2271 1648 2310 132.
1687 2258 1859 2296 mulieres

651 2313 774 2351 tonsae
797 2312 910 2360 VIII,
940 2327 1027 2366 327.
1127 2320 1129 2323 '

598 2366 758 2412 Laches,
776 2366 950 2417 parasitus
974 2366 1014 2413 I,
1042 2379 1125 2416 127.

601 2419 789 2468 Lachesis,
814 2434 884 2457 una
910 2418 1104 2458 Parcarum
1130 2418 1203 2468 VI,
1225 2432 1312 2472 203⁶

600 2470 864 2526 Lachonopt'eri
884 2472 934 2515 IV
947 2502 959 2523 ,
982 2486 1069 2526 231.
